@ARTICLE{pratt19,
       author = {{Pratt}, G.~W. and {Arnaud}, M. and {Biviano}, A. and {Eckert}, D. and {Ettori}, S. and {Nagai}, D. and {Okabe}, N. and {Reiprich}, T.~H.},
        title = "{The Galaxy Cluster Mass Scale and Its Impact on Cosmological Constraints from the Cluster Population}",
      journal = {\ssr},
     keywords = {Galaxy clusters, Large-scale structure of the Universe, Intracluster matter, Cosmological parameters, Astrophysics - Cosmology and Nongalactic Astrophysics},
         year = 2019,
        month = feb,
       volume = {215},
       number = {2},
          eid = {25},
        pages = {25},
          doi = {10.1007/s11214-019-0591-0},
archivePrefix = {arXiv},
       eprint = {1902.10837},
 primaryClass = {astro-ph.CO},
       adsurl = {https://ui.adsabs.harvard.edu/abs/2019SSRv..215...25P},
      adsnote = {Provided by the SAO/NASA Astrophysics Data System}
}
@ARTICLE{1972CoASP...4..173Sunyaev,
       author = {{Sunyaev}, R.~A. and {Zeldovich}, Ya. B.},
        title = "{The Observations of Relic Radiation as a Test of the Nature of X-Ray Radiation from the Clusters of Galaxies}",
      journal = {Comments on Astrophysics and Space Physics},
     keywords = {Cosmology, Microwave Background Radiation, Clusters of Galaxies, X-Ray Astronomy, Intergalactic Gas},
         year = 1972,
        month = nov,
       volume = {4},
        pages = {173},
       adsurl = {https://ui.adsabs.harvard.edu/abs/1972CoASP...4..173S},
      adsnote = {Provided by the SAO/NASA Astrophysics Data System}
}


@ARTICLE{meneghetti10,
       author = {{Meneghetti}, M. and {Rasia}, E. and {Merten}, J. and {Bellagamba}, F. and {Ettori}, S. and {Mazzotta}, P. and {Dolag}, K. and {Marri}, S.},
        title = "{Weighing simulated galaxy clusters using lensing and X-ray}",
      journal = {\aap},
     keywords = {galaxies: clusters: general, X-ray: galaxies: clusters, gravitational lensing: strong, gravitational lensing: weak, Astrophysics - Cosmology and Nongalactic Astrophysics},
         year = 2010,
        month = may,
       volume = {514},
          eid = {A93},
        pages = {A93},
          doi = {10.1051/0004-6361/200913222},
archivePrefix = {arXiv},
       eprint = {0912.1343},
 primaryClass = {astro-ph.CO},
       adsurl = {https://ui.adsabs.harvard.edu/abs/2010A&A...514A..93M},
      adsnote = {Provided by the SAO/NASA Astrophysics Data System}
}


@ARTICLE{1985ApJ...292..371Davis,
       author = {{Davis}, M. and {Efstathiou}, G. and {Frenk}, C.~S. and {White}, S.~D.~M.},
        title = "{The evolution of large-scale structure in a universe dominated by cold dark matter}",
      journal = {\apj},
     keywords = {Computational Astrophysics, Cosmology, Galactic Clusters, Galactic Evolution, Missing Mass (Astrophysics), Weak Interactions (Field Theory), Astronomical Models, Computerized Simulation, Correlation, Many Body Problem, Mass Distribution, Mass To Light Ratios, Matter (Physics), Radial Velocity, Red Shift, Astrophysics},
         year = 1985,
        month = may,
       volume = {292},
        pages = {371-394},
          doi = {10.1086/163168},
       adsurl = {https://ui.adsabs.harvard.edu/abs/1985ApJ...292..371D},
      adsnote = {Provided by the SAO/NASA Astrophysics Data System}
}

@ARTICLE{1993Sci...260.1769Truemper,
       author = {{Truemper}, Joachim},
        title = "{ROSAT-A New Look at the X-ray Sky}",
      journal = {Science},
     keywords = {Black Holes (Astronomy), Neutron Stars, Rosat Mission, Sky Surveys (Astronomy), X Ray Astronomy, Magnetic Fields, Particle Interactions, Relativistic Particles, Universe, Astronomy},
         year = 1993,
        month = jun,
       volume = {260},
       number = {5115},
        pages = {1769-1771},
          doi = {10.1126/science.260.5115.1769},
       adsurl = {https://ui.adsabs.harvard.edu/abs/1993Sci...260.1769T},
      adsnote = {Provided by the SAO/NASA Astrophysics Data System}
}


@ARTICLE{1997ApJ...490..493Navarro,
       author = {{Navarro}, Julio F. and {Frenk}, Carlos S. and {White}, Simon D.~M.},
        title = "{A Universal Density Profile from Hierarchical Clustering}",
      journal = {\apj},
     keywords = {Cosmology: Theory, Cosmology: Dark Matter, Galaxies: Halos, Methods: Numerical, Astrophysics},
         year = 1997,
        month = dec,
       volume = {490},
       number = {2},
        pages = {493-508},
          doi = {10.1086/304888},
archivePrefix = {arXiv},
       eprint = {astro-ph/9611107},
 primaryClass = {astro-ph},
       adsurl = {https://ui.adsabs.harvard.edu/abs/1997ApJ...490..493N},
      adsnote = {Provided by the SAO/NASA Astrophysics Data System}
}

@INPROCEEDINGS{1996ASPC..101...17Arnaud,
       author = {{Arnaud}, K.~A.},
        title = "{XSPEC: The First Ten Years}",
    booktitle = {Astronomical Data Analysis Software and Systems V},
         year = 1996,
       editor = {{Jacoby}, George H. and {Barnes}, Jeannette},
       series = {Astronomical Society of the Pacific Conference Series},
       volume = {101},
        month = jan,
        pages = {17},
       adsurl = {https://ui.adsabs.harvard.edu/abs/1996ASPC..101...17A},
      adsnote = {Provided by the SAO/NASA Astrophysics Data System}
}


@ARTICLE{1997ApJ...481..633Diaferio,
       author = {{Diaferio}, Antonaldo and {Geller}, Margaret J.},
        title = "{Infall Regions of Galaxy Clusters}",
      journal = {\apj},
     keywords = {Cosmology: Dark Matter, Galaxies: Clusters: General, Methods: Numerical, Astrophysics},
         year = 1997,
        month = may,
       volume = {481},
       number = {2},
        pages = {633-643},
          doi = {10.1086/304075},
archivePrefix = {arXiv},
       eprint = {astro-ph/9701034},
 primaryClass = {astro-ph},
       adsurl = {https://ui.adsabs.harvard.edu/abs/1997ApJ...481..633D},
      adsnote = {Provided by the SAO/NASA Astrophysics Data System}
}
@ARTICLE{1998ApJ...495...80Bryan,
       author = {{Bryan}, Greg L. and {Norman}, Michael L.},
        title = "{Statistical Properties of X-Ray Clusters: Analytic and Numerical Comparisons}",
      journal = {\apj},
     keywords = {GALAXIES: CLUSTERS: GENERAL, METHODS: NUMERICAL, X-RAYS: GALAXIES, Galaxies: Clusters: General, Methods: Numerical, X-Rays: Galaxies, Astrophysics},
         year = 1998,
        month = mar,
       volume = {495},
       number = {1},
        pages = {80-99},
          doi = {10.1086/305262},
archivePrefix = {arXiv},
       eprint = {astro-ph/9710107},
 primaryClass = {astro-ph},
       adsurl = {https://ui.adsabs.harvard.edu/abs/1998ApJ...495...80B},
      adsnote = {Provided by the SAO/NASA Astrophysics Data System}
}



@ARTICLE{1998ApJ...503..569Eke,
       author = {{Eke}, Vincent R. and {Navarro}, Julio F. and {Frenk}, Carlos S.},
        title = "{The Evolution of X-Ray Clusters in a Low-Density Universe}",
      journal = {\apj},
     keywords = {GALAXIES: CLUSTERS: GENERAL, COSMOLOGY: DARK MATTER, COSMOLOGY: THEORY, X-RAYS: GENERAL, Cosmology: Theory, Cosmology: Dark Matter, Galaxies: Clusters: General, X-Rays: General, Astrophysics},
         year = 1998,
        month = aug,
       volume = {503},
       number = {2},
        pages = {569-592},
          doi = {10.1086/306008},
archivePrefix = {arXiv},
       eprint = {astro-ph/9708070},
 primaryClass = {astro-ph},
       adsurl = {https://ui.adsabs.harvard.edu/abs/1998ApJ...503..569E},
      adsnote = {Provided by the SAO/NASA Astrophysics Data System}
}


@ARTICLE{1998PASP..110..761Ferland,
   author = {{Ferland}, G.~J. and {Korista}, K.~T. and {Verner}, D.~A. and 
	{Ferguson}, J.~W. and {Kingdon}, J.~B. and {Verner}, E.~M.},
    title = "{CLOUDY 90: Numerical Simulation of Plasmas and Their Spectra}",
  journal = {\pasp},
     year = 1998,
    month = jul,
   volume = 110,
    pages = {761-778},
      doi = {10.1086/316190},
   adsurl = {http://adsabs.harvard.edu/abs/1998PASP..110..761F},
  adsnote = {Provided by the SAO/NASA Astrophysics Data System}
}



@ARTICLE{1999ApJ...511....5Eisenstein,
       author = {{Eisenstein}, Daniel J. and {Hu}, Wayne},
        title = "{Power Spectra for Cold Dark Matter and Its Variants}",
      journal = {\apj},
     keywords = {COSMOLOGY: THEORY, COSMOLOGY: DARK MATTER, COSMOLOGY: LARGE-SCALE STRUCTURE OF UNIVERSE, Cosmology: Theory, Cosmology: Dark Matter, Cosmology: Large-Scale Structure of Universe, Astrophysics},
         year = 1999,
        month = jan,
       volume = {511},
       number = {1},
        pages = {5-15},
          doi = {10.1086/306640},
archivePrefix = {arXiv},
       eprint = {astro-ph/9710252},
 primaryClass = {astro-ph},
       adsurl = {https://ui.adsabs.harvard.edu/abs/1999ApJ...511....5E},
      adsnote = {Provided by the SAO/NASA Astrophysics Data System}
}



@ARTICLE{2001ApJ...556L..91Smith,
       author = {{Smith}, Randall K. and {Brickhouse}, Nancy S. and {Liedahl}, Duane A. and {Raymond}, John C.},
        title = "{Collisional Plasma Models with APEC/APED: Emission-Line Diagnostics of Hydrogen-like and Helium-like Ions}",
      journal = {\apjl},
     keywords = {Atomic Data, Atomic Processes, Plasmas, Radiation Mechanisms: Thermal, X-Rays: General, Astrophysics},
         year = 2001,
        month = aug,
       volume = {556},
       number = {2},
        pages = {L91-L95},
          doi = {10.1086/322992},
archivePrefix = {arXiv},
       eprint = {astro-ph/0106478},
 primaryClass = {astro-ph},
       adsurl = {https://ui.adsabs.harvard.edu/abs/2001ApJ...556L..91S},
      adsnote = {Provided by the SAO/NASA Astrophysics Data System}
}


@ARTICLE{2001MNRAS.328..726Springel,
   author = {{Springel}, V. and {White}, S.~D.~M. and {Tormen}, G. and {Kauffmann}, G.
	},
    title = "{Populating a cluster of galaxies - I. Results at [formmu2]z=0}",
  journal = {\mnras},
   eprint = {astro-ph/0012055},
 keywords = {GALAXIES: CLUSTERS: GENERAL, GALAXIES: FORMATION, DARK MATTER},
     year = 2001,
    month = dec,
   volume = 328,
    pages = {726-750},
      doi = {10.1046/j.1365-8711.2001.04912.x},
   adsurl = {http://adsabs.harvard.edu/abs/2001MNRAS.328..726S},
  adsnote = {Provided by the SAO/NASA Astrophysics Data System}
}


@ARTICLE{Teklu2015,
       author = {{Teklu}, Adelheid F. and {Remus}, Rhea-Silvia and {Dolag}, Klaus and {Beck}, Alexander M. and {Burkert}, Andreas and {Schmidt}, Andreas S. and {Schulze}, Felix and {Steinborn}, Lisa K.},
        title = "{Connecting Angular Momentum and Galactic Dynamics: The Complex Interplay between Spin, Mass, and Morphology}",
      journal = {\apj},
     keywords = {dark matter, galaxies: evolution, galaxies: formation, galaxies: halos, hydrodynamics, methods: numerical, Astrophysics - Astrophysics of Galaxies},
         year = 2015,
        month = oct,
       volume = {812},
       number = {1},
          eid = {29},
        pages = {29},
          doi = {10.1088/0004-637X/812/1/29},
archivePrefix = {arXiv},
       eprint = {1503.03501},
 primaryClass = {astro-ph.GA},
       adsurl = {https://ui.adsabs.harvard.edu/abs/2015ApJ...812...29T},
      adsnote = {Provided by the SAO/NASA Astrophysics Data System}
}


@ARTICLE{2004MNRAS.349..476Torri,
       author = {{Torri}, Elena and {Meneghetti}, Massimo and {Bartelmann}, Matthias and {Moscardini}, Lauro and {Rasia}, Elena and {Tormen}, Giuseppe},
        title = "{The impact of cluster mergers on arc statistics}",
      journal = {\mnras},
     keywords = {gravitational lensing, galaxies: clusters: general, cosmology: theory, dark matter, Astrophysics},
         year = 2004,
        month = apr,
       volume = {349},
       number = {2},
        pages = {476-490},
          doi = {10.1111/j.1365-2966.2004.07508.x},
archivePrefix = {arXiv},
       eprint = {astro-ph/0310898},
 primaryClass = {astro-ph},
       adsurl = {https://ui.adsabs.harvard.edu/abs/2004MNRAS.349..476T},
      adsnote = {Provided by the SAO/NASA Astrophysics Data System}
}

@ARTICLE{2002ApJ...568...52Wechsler,
       author = {{Wechsler}, Risa H. and {Bullock}, James S. and {Primack}, Joel R. and {Kravtsov}, Andrey V. and {Dekel}, Avishai},
        title = "{Concentrations of Dark Halos from Their Assembly Histories}",
      journal = {\apj},
     keywords = {Cosmology: Theory, Cosmology: Dark Matter, Galaxies: Evolution, Galaxies: Formation, Galaxies: Halos, Galaxies: Structure, Astrophysics},
         year = 2002,
        month = mar,
       volume = {568},
       number = {1},
        pages = {52-70},
          doi = {10.1086/338765},
archivePrefix = {arXiv},
       eprint = {astro-ph/0108151},
 primaryClass = {astro-ph},
       adsurl = {https://ui.adsabs.harvard.edu/abs/2002ApJ...568...52W},
      adsnote = {Provided by the SAO/NASA Astrophysics Data System}
}
@BOOK{2003moco.book.....Dodelson,
       author = {{Dodelson}, Scott},
        title = "{Modern Cosmology}",
         year = 2003,
       adsurl = {https://ui.adsabs.harvard.edu/abs/2003moco.book.....D},
      adsnote = {Provided by the SAO/NASA Astrophysics Data System}
}


@ARTICLE{2003MNRAS.339...12Zhao,
       author = {{Zhao}, D.~H. and {Mo}, H.~J. and {Jing}, Y.~P. and {B{\"o}rner}, G.},
        title = "{The growth and structure of dark matter haloes}",
      journal = {\mnras},
     keywords = {galaxies: clusters: general, galaxies: formation, cosmology: theory, dark matter, large-scale structure of Universe, Astrophysics},
         year = 2003,
        month = feb,
       volume = {339},
       number = {1},
        pages = {12-24},
          doi = {10.1046/j.1365-8711.2003.06135.x},
archivePrefix = {arXiv},
       eprint = {astro-ph/0204108},
 primaryClass = {astro-ph},
       adsurl = {https://ui.adsabs.harvard.edu/abs/2003MNRAS.339...12Z},
      adsnote = {Provided by the SAO/NASA Astrophysics Data System}
}


@ARTICLE{2005ApJ...634..964Ostriker,
       author = {{Ostriker}, Jeremiah P. and {Bode}, Paul and {Babul}, Arif},
        title = "{A Simple and Accurate Model for Intracluster Gas}",
      journal = {\apj},
     keywords = {Cosmology: Theory, Galaxies: Clusters: General, Galaxies: Intergalactic Medium, X-Rays: Galaxies: Clusters, Astrophysics},
         year = 2005,
        month = dec,
       volume = {634},
       number = {2},
        pages = {964-976},
          doi = {10.1086/497122},
archivePrefix = {arXiv},
       eprint = {astro-ph/0504334},
 primaryClass = {astro-ph},
       adsurl = {https://ui.adsabs.harvard.edu/abs/2005ApJ...634..964O},
      adsnote = {Provided by the SAO/NASA Astrophysics Data System}
}



@ARTICLE{2005Natur.435..629Springel,
   author = {{Springel}, V. and {White}, S.~D.~M. and {Jenkins}, A. and {Frenk}, C.~S. and 
	{Yoshida}, N. and {Gao}, L. and {Navarro}, J. and {Thacker}, R. and 
	{Croton}, D. and {Helly}, J. and {Peacock}, J.~A. and {Cole}, S. and 
	{Thomas}, P. and {Couchman}, H. and {Evrard}, A. and {Colberg}, J. and 
	{Pearce}, F.},
    title = "{Simulations of the formation, evolution and clustering of galaxies and quasars}",
  journal = {\nat},
   eprint = {astro-ph/0504097},
     year = 2005,
    month = jun,
   volume = 435,
    pages = {629-636},
      doi = {10.1038/nature03597},
   adsurl = {http://adsabs.harvard.edu/abs/2005Natur.435..629S},
  adsnote = {Provided by the SAO/NASA Astrophysics Data System}
}


@ARTICLE{2005MNRAS.361..776Springel,
   author = {{Springel}, V. and {Di Matteo}, T. and {Hernquist}, L.},
    title = "{Modelling feedback from stars and black holes in galaxy mergers}",
  journal = {\mnras},
   eprint = {astro-ph/0411108},
 keywords = {methods: numerical, galaxies: active, galaxies: interactions, galaxies: starburst, galaxies: structure},
     year = 2005,
    month = aug,
   volume = 361,
    pages = {776-794},
      doi = {10.1111/j.1365-2966.2005.09238.x},
   adsurl = {http://adsabs.harvard.edu/abs/2005MNRAS.361..776S},
  adsnote = {Provided by the SAO/NASA Astrophysics Data System}
}

@ARTICLE{2005PhRvD..72d3006Lima,
       author = {{Lima}, Marcos and {Hu}, Wayne},
        title = "{Self-calibration of cluster dark energy studies: Observable-mass distribution}",
      journal = {\prd},
     keywords = {98.65.Cw, 98.80.Es, Galaxy clusters, Observational cosmology, Astrophysics},
         year = 2005,
        month = aug,
       volume = {72},
       number = {4},
          eid = {043006},
        pages = {043006},
          doi = {10.1103/PhysRevD.72.043006},
archivePrefix = {arXiv},
       eprint = {astro-ph/0503363},
 primaryClass = {astro-ph},
       adsurl = {https://ui.adsabs.harvard.edu/abs/2005PhRvD..72d3006L},
      adsnote = {Provided by the SAO/NASA Astrophysics Data System}
}


@ARTICLE{2005MNRAS.364.1105Springel,
   author = {{Springel}, V.},
    title = "{The cosmological simulation code GADGET-2}",
  journal = {\mnras},
   eprint = {astro-ph/0505010},
 keywords = {methods: numerical, galaxies: interactions, dark matter},
     year = 2005,
    month = dec,
   volume = 364,
    pages = {1105-1134},
      doi = {10.1111/j.1365-2966.2005.09655.x},
   adsurl = {http://adsabs.harvard.edu/abs/2005MNRAS.364.1105S},
  adsnote = {Provided by the SAO/NASA Astrophysics Data System}
}

@ARTICLE{2006MNRAS.365.1021Ettori,
       author = {{Ettori}, S. and {Dolag}, K. and {Borgani}, S. and {Murante}, G.},
        title = "{The baryon fraction in hydrodynamical simulations of galaxy clusters}",
      journal = {\mnras},
     keywords = {methods: numerical, galaxies: clusters: general, cosmology: miscellaneous, X-rays: galaxies, Astrophysics},
         year = 2006,
        month = jan,
       volume = {365},
       number = {3},
        pages = {1021-1030},
          doi = {10.1111/j.1365-2966.2005.09788.x},
archivePrefix = {arXiv},
       eprint = {astro-ph/0509024},
 primaryClass = {astro-ph},
       adsurl = {https://ui.adsabs.harvard.edu/abs/2006MNRAS.365.1021E},
      adsnote = {Provided by the SAO/NASA Astrophysics Data System}
}



@ARTICLE{2006MNRAS.368.1931Lu,
       author = {{Lu}, Yu and {Mo}, H.~J. and {Katz}, Neal and {Weinberg}, Martin D.},
        title = "{On the origin of cold dark matter halo density profiles}",
      journal = {\mnras},
     keywords = {galaxies: evolution, galaxies: formation, galaxies: haloes, galaxies: structure, cosmology: theory, dark matter, Astrophysics},
         year = 2006,
        month = jun,
       volume = {368},
       number = {4},
        pages = {1931-1940},
          doi = {10.1111/j.1365-2966.2006.10270.x},
archivePrefix = {arXiv},
       eprint = {astro-ph/0508624},
 primaryClass = {astro-ph},
       adsurl = {https://ui.adsabs.harvard.edu/abs/2006MNRAS.368.1931L},
      adsnote = {Provided by the SAO/NASA Astrophysics Data System}
}


@ARTICLE{2006ApJ...640..691Vikhlinin,
       author = {{Vikhlinin}, A. and {Kravtsov}, A. and {Forman}, W. and {Jones}, C. and {Markevitch}, M. and {Murray}, S.~S. and {Van Speybroeck}, L.},
        title = "{Chandra Sample of Nearby Relaxed Galaxy Clusters: Mass, Gas Fraction, and Mass-Temperature Relation}",
      journal = {\apj},
     keywords = {Cosmology: Observations, Cosmology: Dark Matter, Galaxies: Clusters: General, X-Rays: Galaxies: Clusters, Astrophysics},
         year = 2006,
        month = apr,
       volume = {640},
       number = {2},
        pages = {691-709},
          doi = {10.1086/500288},
archivePrefix = {arXiv},
       eprint = {astro-ph/0507092},
 primaryClass = {astro-ph},
       adsurl = {https://ui.adsabs.harvard.edu/abs/2006ApJ...640..691V},
      adsnote = {Provided by the SAO/NASA Astrophysics Data System}
}
@ARTICLE{2007A&A...469..363Boehringer,
       author = {{B{\"o}hringer}, H. and {Schuecker}, P. and {Pratt}, G.~W. and {Arnaud}, M. and {Ponman}, T.~J. and {Croston}, J.~H. and {Borgani}, S. and {Bower}, R.~G. and {Briel}, U.~G. and {Collins}, C.~A. and {Donahue}, M. and {Forman}, W.~R. and {Finoguenov}, A. and {Geller}, M.~J. and {Guzzo}, L. and {Henry}, J.~P. and {Kneissl}, R. and {Mohr}, J.~J. and {Matsushita}, K. and {Mullis}, C.~R. and {Ohashi}, T. and {Pedersen}, K. and {Pierini}, D. and {Quintana}, H. and {Raychaudhury}, S. and {Reiprich}, T.~H. and {Romer}, A.~K. and {Rosati}, P. and {Sabirli}, K. and {Temple}, R.~F. and {Viana}, P.~T.~P. and {Vikhlinin}, A. and {Voit}, G.~M. and {Zhang}, Y. -Y.},
        title = "{The representative XMM-Newton cluster structure survey (REXCESS) of an X-ray luminosity selected galaxy cluster sample}",
      journal = {\aap},
     keywords = {X-rays: galaxies: clusters, galaxies: clusters: general, cosmology: observations, Astrophysics},
         year = 2007,
        month = jul,
       volume = {469},
       number = {1},
        pages = {363-377},
          doi = {10.1051/0004-6361:20066740},
archivePrefix = {arXiv},
       eprint = {astro-ph/0703553},
 primaryClass = {astro-ph},
       adsurl = {https://ui.adsabs.harvard.edu/abs/2007A&A...469..363B},
      adsnote = {Provided by the SAO/NASA Astrophysics Data System}
}


@ARTICLE{2007MNRAS.377...41Crain,
       author = {{Crain}, Robert A. and {Eke}, Vincent R. and {Frenk}, Carlos S. and {Jenkins}, Adrian and {McCarthy}, Ian G. and {Navarro}, Julio F. and {Pearce}, Frazer R.},
        title = "{The baryon fraction of {\ensuremath{\Lambda}}CDM haloes}",
      journal = {\mnras},
     keywords = {methods: N-body simulations, galaxies: haloes, dark matter, Astrophysics},
         year = 2007,
        month = may,
       volume = {377},
       number = {1},
        pages = {41-49},
          doi = {10.1111/j.1365-2966.2007.11598.x},
archivePrefix = {arXiv},
       eprint = {astro-ph/0610602},
 primaryClass = {astro-ph},
       adsurl = {https://ui.adsabs.harvard.edu/abs/2007MNRAS.377...41C},
      adsnote = {Provided by the SAO/NASA Astrophysics Data System}
}

@ARTICLE{2017MNRAS.469.3069Gupta,
       author = {{Gupta}, N. and {Saro}, A. and {Mohr}, J.~J. and {Dolag}, K. and {Liu}, J.},
        title = "{SZE observables, pressure profiles and centre offsets in Magneticum simulation galaxy clusters}",
      journal = {\mnras},
     keywords = {hydrodynamics, methods: numerical, galaxies: clusters: general, galaxies: clusters: intracluster medium, cosmology: theory, Astrophysics - Cosmology and Nongalactic Astrophysics},
         year = 2017,
        month = aug,
       volume = {469},
       number = {3},
        pages = {3069-3087},
          doi = {10.1093/mnras/stx715},
archivePrefix = {arXiv},
       eprint = {1612.05266},
 primaryClass = {astro-ph.CO},
       adsurl = {https://ui.adsabs.harvard.edu/abs/2017MNRAS.469.3069G},
      adsnote = {Provided by the SAO/NASA Astrophysics Data System}
}

@ARTICLE{Ettori2013MassProfiles,
       author = {{Ettori}, Stefano and {Donnarumma}, Annamaria and {Pointecouteau}, Etienne and {Reiprich}, Thomas H. and {Giodini}, Stefania and {Lovisari}, Lorenzo and {Schmidt}, Robert W.},
        title = "{Mass Profiles of Galaxy Clusters from X-ray Analysis}",
      journal = {\ssr},
     keywords = {Galaxy clusters, X-ray emission, Cosmology, Astrophysics - Cosmology and Nongalactic Astrophysics},
         year = 2013,
        month = aug,
       volume = {177},
       number = {1-4},
        pages = {119-154},
          doi = {10.1007/s11214-013-9976-7},
archivePrefix = {arXiv},
       eprint = {1303.3530},
 primaryClass = {astro-ph.CO},
       adsurl = {https://ui.adsabs.harvard.edu/abs/2013SSRv..177..119E},
      adsnote = {Provided by the SAO/NASA Astrophysics Data System}
}



@ARTICLE{2017MNRAS.464.3742Remus,
   author = {{Remus}, R.-S. and {Dolag}, K. and {Naab}, T. and {Burkert}, A. and 
	{Hirschmann}, M. and {Hoffmann}, T.~L. and {Johansson}, P.~H.
	},
    title = "{The co-evolution of total density profiles and central dark matter fractions in simulated early-type galaxies}",
  journal = {\mnras},
archivePrefix = "arXiv",
   eprint = {1603.01619},
 keywords = {methods: numerical, galaxies: evolution, galaxies: formation, dark matter},
     year = 2017,
    month = jan,
   volume = 464,
    pages = {3742-3756},
      doi = {10.1093/mnras/stw2594},
   adsurl = {http://adsabs.harvard.edu/abs/2017MNRAS.464.3742R},
  adsnote = {Provided by the SAO/NASA Astrophysics Data System}
}

@ARTICLE{2017MNRAS.465...32Bower,
       author = {{Bower}, Richard G. and {Schaye}, Joop and {Frenk}, Carlos S. and {Theuns}, Tom and {Schaller}, Matthieu and {Crain}, Robert A. and {McAlpine}, Stuart},
        title = "{The dark nemesis of galaxy formation: why hot haloes trigger black hole growth and bring star formation to an end}",
      journal = {\mnras},
     keywords = {black hole physics, galaxies: active, galaxies: formation, quasars: general, Astrophysics - Astrophysics of Galaxies},
         year = 2017,
        month = feb,
       volume = {465},
       number = {1},
        pages = {32-44},
          doi = {10.1093/mnras/stw2735},
archivePrefix = {arXiv},
       eprint = {1607.07445},
 primaryClass = {astro-ph.GA},
       adsurl = {https://ui.adsabs.harvard.edu/abs/2017MNRAS.465...32B},
      adsnote = {Provided by the SAO/NASA Astrophysics Data System}
}

 
@ARTICLE{2007MNRAS.382.1289Pacaud,
       author = {{Pacaud}, F. and {Pierre}, M. and {Adami}, C. and {Altieri}, B. and {Andreon}, S. and {Chiappetti}, L. and {Detal}, A. and {Duc}, P. -A. and {Galaz}, G. and {Gueguen}, A. and {Le F{\`e}vre}, J. -P. and {Hertling}, G. and {Libbrecht}, C. and {Melin}, J. -B. and {Ponman}, T.~J. and {Quintana}, H. and {Refregier}, A. and {Sprimont}, P. -G. and {Surdej}, J. and {Valtchanov}, I. and {Willis}, J.~P. and {Alloin}, D. and {Birkinshaw}, M. and {Bremer}, M.~N. and {Garcet}, O. and {Jean}, C. and {Jones}, L.~R. and {Le F{\`e}vre}, O. and {Maccagni}, D. and {Mazure}, A. and {Proust}, D. and {R{\"o}ttgering}, H.~J.~A. and {Trinchieri}, G.},
        title = "{The XMM-LSS survey: the Class 1 cluster sample over the initial 5 deg$^{2}$ and its cosmological modelling}",
      journal = {\mnras},
     keywords = {Astrophysics},
         year = 2007,
        month = nov,
       volume = {382},
       number = {3},
        pages = {1289-1308},
          doi = {10.1111/j.1365-2966.2007.12468.x},
archivePrefix = {arXiv},
       eprint = {0709.1950},
 primaryClass = {astro-ph},
       adsurl = {https://ui.adsabs.harvard.edu/abs/2007MNRAS.382.1289P},
      adsnote = {Provided by the SAO/NASA Astrophysics Data System}
}
@INPROCEEDINGS{Remus2016,
       author = {{Remus}, R. -S. and {Dolag}, K.},
        title = "{Connecting Small and Large Scales: The Role of Feedback in Establishing Global Galaxy Properties over Cosmic Times}",
     keywords = {galaxies: evolution, formation, dark matter, methods: numerical},
    booktitle = {The Interplay between Local and Global Processes in Galaxies,},
         year = 2016,
       editor = {{Sanchez}, S.~F. and {Morisset}, C. and {Delgado-Inglada}, G.},
        month = jun,
          eid = {43},
        pages = {43},
       adsurl = {https://ui.adsabs.harvard.edu/abs/2016ilgp.confE..43R},
      adsnote = {Provided by the SAO/NASA Astrophysics Data System}
}
@ARTICLE{Schulze2018,
       author = {{Schulze}, Felix and {Remus}, Rhea-Silvia and {Dolag}, Klaus and {Burkert}, Andreas and {Emsellem}, Eric and {van de Ven}, Glenn},
        title = "{Kinematics of simulated galaxies - I. Connecting dynamical and morphological properties of early-type galaxies at different redshifts}",
      journal = {\mnras},
     keywords = {methods: numerical, galaxies: evolution, galaxies: formation, galaxies: kinematics and dynamics, dark matter, Astrophysics - Astrophysics of Galaxies},
         year = 2018,
        month = nov,
       volume = {480},
       number = {4},
        pages = {4636-4658},
          doi = {10.1093/mnras/sty2090},
archivePrefix = {arXiv},
       eprint = {1802.01583},
 primaryClass = {astro-ph.GA},
       adsurl = {https://ui.adsabs.harvard.edu/abs/2018MNRAS.480.4636S},
      adsnote = {Provided by the SAO/NASA Astrophysics Data System}
}

@ARTICLE{Child2018MCscatter,
       author = {{Child}, Hillary L. and {Habib}, Salman and {Heitmann}, Katrin and {Frontiere}, Nicholas and {Finkel}, Hal and {Pope}, Adrian and {Morozov}, Vitali},
        title = "{Halo Profiles and the Concentration-Mass Relation for a {\ensuremath{\Lambda}}CDM Universe}",
      journal = {\apj},
     keywords = {dark matter, galaxies: clusters: general, gravitational lensing: weak, methods: numerical, Astrophysics - Cosmology and Nongalactic Astrophysics},
         year = 2018,
        month = may,
       volume = {859},
       number = {1},
          eid = {55},
        pages = {55},
          doi = {10.3847/1538-4357/aabf95},
archivePrefix = {arXiv},
       eprint = {1804.10199},
 primaryClass = {astro-ph.CO},
       adsurl = {https://ui.adsabs.harvard.edu/abs/2018ApJ...859...55C},
      adsnote = {Provided by the SAO/NASA Astrophysics Data System}
}
@ARTICLE{Bhargava2023AGNContamiantion,
       author = {{Bhargava}, Sunayana and {Garrel}, Christian and {Koulouridis}, Elias and {Pierre}, Marguerite and {Valtchanov}, Ivan and {Cerardi}, Nicolas and {Maughan}, Ben J. and {Aguena}, Michel and {Benoist}, Christophe and {Baguley}, Cale and {Ramos-Ceja}, Miriam E. and {Adami}, Christophe and {Chiappetti}, Lucio and {Vignali}, Cristian and {Willis}, Jon P.},
        title = "{The XXL Survey. L. Active galactic nucleus contamination in galaxy clusters: Detection and cosmological impact}",
      journal = {\aap},
     keywords = {X-rays: galaxies: clusters, cosmological parameters, galaxies: active, surveys, large-scale structure of Universe, galaxies: clusters: general, Astrophysics - Cosmology and Nongalactic Astrophysics, Astrophysics - Astrophysics of Galaxies, Astrophysics - High Energy Astrophysical Phenomena},
         year = 2023,
        month = may,
       volume = {673},
          eid = {A92},
        pages = {A92},
          doi = {10.1051/0004-6361/202244898},
archivePrefix = {arXiv},
       eprint = {2301.11196},
 primaryClass = {astro-ph.CO},
       adsurl = {https://ui.adsabs.harvard.edu/abs/2023A&A...673A..92B},
      adsnote = {Provided by the SAO/NASA Astrophysics Data System}
}


@ARTICLE{amicoA,
author = {{Bellagamba}, Fabio and {Roncarelli}, Mauro and {Maturi}, Matteo and {Moscardini}, Lauro},
title = "{AMICO: optimized detection of galaxy clusters in photometric surveys}",
journal = {\mnras},
keywords = {methods: data analysis, galaxies: clusters: general, large-scale structure of Universe, cosmology: observations, Astrophysics - Cosmology and Nongalactic Astrophysics, Astrophysics - Astrophysics of Galaxies},
year = 2018,
month = feb,
volume = {473},
number = {4},
pages = {5221-5236},
doi = {10.1093/mnras/stx2701},
archivePrefix = {arXiv},
eprint = {1705.03029},
primaryClass = {astro-ph.CO},
adsurl = {https://ui.adsabs.harvard.edu/abs/2018MNRAS.473.5221B},
adsnote = {Provided by the SAO/NASA Astrophysics Data System}
}
@ARTICLE{Oguri+2011truncatedNFW,
       author = {{Oguri}, Masamune and {Hamana}, Takashi},
        title = "{Detailed cluster lensing profiles at large radii and the impact on cluster weak lensing studies}",
      journal = {\mnras},
     keywords = {gravitational lensing: weak, galaxies: clusters: general, cosmology: theory, dark matter, Astrophysics - Cosmology and Nongalactic Astrophysics},
         year = 2011,
        month = jul,
       volume = {414},
       number = {3},
        pages = {1851-1861},
          doi = {10.1111/j.1365-2966.2011.18481.x},
archivePrefix = {arXiv},
       eprint = {1101.0650},
 primaryClass = {astro-ph.CO},
       adsurl = {https://ui.adsabs.harvard.edu/abs/2011MNRAS.414.1851O},
      adsnote = {Provided by the SAO/NASA Astrophysics Data System}
}


@ARTICLE{Becker11,
       author = {{Becker}, Matthew R. and {Kravtsov}, Andrey V.},
        title = "{On the Accuracy of Weak-lensing Cluster Mass Reconstructions}",
      journal = {\apj},
     keywords = {galaxies: clusters: general, gravitational lensing: weak, Astrophysics - Cosmology and Extragalactic Astrophysics},
         year = 2011,
        month = oct,
       volume = {740},
       number = {1},
          eid = {25},
        pages = {25},
          doi = {10.1088/0004-637X/740/1/25},
archivePrefix = {arXiv},
       eprint = {1011.1681},
 primaryClass = {astro-ph.CO},
       adsurl = {https://ui.adsabs.harvard.edu/abs/2011ApJ...740...25B},
      adsnote = {Provided by the SAO/NASA Astrophysics Data System}
}


@ARTICLE{Gonzalez-Perez14PzWav,
       author = {{Gonzalez-Perez}, V. and {Lacey}, C.~G. and {Baugh}, C.~M. and {Lagos}, C.~D.~P. and {Helly}, J. and {Campbell}, D.~J.~R. and {Mitchell}, P.~D.},
        title = "{How sensitive are predicted galaxy luminosities to the choice of stellar population synthesis model?}",
      journal = {\mnras},
     keywords = {stars: AGB and post-AGB, galaxies: evolution, galaxies: formation, Astrophysics - Cosmology and Extragalactic Astrophysics},
         year = 2014,
        month = mar,
       volume = {439},
       number = {1},
        pages = {264-283},
          doi = {10.1093/mnras/stt2410},
archivePrefix = {arXiv},
       eprint = {1309.7057},
 primaryClass = {astro-ph.CO},
       adsurl = {https://ui.adsabs.harvard.edu/abs/2014MNRAS.439..264G},
      adsnote = {Provided by the SAO/NASA Astrophysics Data System}
}



@ARTICLE{amicoB,
author = {{Maturi}, Matteo and {Bellagamba}, Fabio and {Radovich}, Mario and {Roncarelli}, Mauro and {Sereno}, Mauro and {Moscardini}, Lauro and {Bardelli}, Sandro and {Puddu}, Emanuella},
title = "{AMICO galaxy clusters in KiDS-DR3: sample properties and selection function}",
journal = {\mnras},
keywords = {galaxies: clusters: general, cosmology: observations, large-scale structure of Universe, Astrophysics - Cosmology and Nongalactic Astrophysics},
year = 2019,
month = may,
volume = {485},
number = {1},
pages = {498-512},
doi = {10.1093/mnras/stz294},
archivePrefix = {arXiv},
eprint = {1810.02811},
primaryClass = {astro-ph.CO},
adsurl = {https://ui.adsabs.harvard.edu/abs/2019MNRAS.485..498M},
adsnote = {Provided by the SAO/NASA Astrophysics Data System}
}
@ARTICLE{Bellstedt2018SLUGGS,
       author = {{Bellstedt}, Sabine and {Forbes}, Duncan A. and {Romanowsky}, Aaron J. and {Remus}, Rhea-Silvia and {Stevens}, Adam R.~H. and {Brodie}, Jean P. and {Poci}, Adriano and {McDermid}, Richard and {Alabi}, Adebusola and {Chevalier}, Leonie and {Adams}, Caitlin and {Ferr{\'e}-Mateu}, Anna and {Wasserman}, Asher and {Pandya}, Viraj},
        title = "{The SLUGGS survey: a comparison of total-mass profiles of early-type galaxies from observations and cosmological simulations, to {\ensuremath{\sim}}4 effective radii}",
      journal = {\mnras},
     keywords = {galaxies: elliptical and lenticular, cD, galaxies: evolution, galaxies: kinematics and dynamics, Astrophysics - Astrophysics of Galaxies},
         year = 2018,
        month = jun,
       volume = {476},
       number = {4},
        pages = {4543-4564},
          doi = {10.1093/mnras/sty456},
archivePrefix = {arXiv},
       eprint = {1803.02373},
 primaryClass = {astro-ph.GA},
       adsurl = {https://ui.adsabs.harvard.edu/abs/2018MNRAS.476.4543B},
      adsnote = {Provided by the SAO/NASA Astrophysics Data System}
}


@INPROCEEDINGS{Teklu2016conf,
       author = {{Teklu}, A.~F. and {Remus}, R. -S. and {Dolag}, K.},
        title = "{Dynamical Properties of Galaxies with Different Morphological Types at z=0 and z=2}",
     keywords = {galaxies: evolution, formation, dark matter, method: numerical},
    booktitle = {The Interplay between Local and Global Processes in Galaxies,},
         year = 2016,
       editor = {{Sanchez}, S.~F. and {Morisset}, C. and {Delgado-Inglada}, G.},
        month = jun,
          eid = {41},
        pages = {41},
       adsurl = {https://ui.adsabs.harvard.edu/abs/2016ilgp.confE..41T},
      adsnote = {Provided by the SAO/NASA Astrophysics Data System}
}


@ARTICLE{Giocoli2008mass-loss,
       author = {{Giocoli}, Carlo and {Tormen}, Giuseppe and {van den Bosch}, Frank C.},
        title = "{The population of dark matter subhaloes: mass functions and average mass-loss rates}",
      journal = {\mnras},
     keywords = {methods: numerical, galaxies: haloes, galaxies: interactions, cosmology: theory, dark matter, Astrophysics},
         year = 2008,
        month = jun,
       volume = {386},
       number = {4},
        pages = {2135-2144},
          doi = {10.1111/j.1365-2966.2008.13182.x},
archivePrefix = {arXiv},
       eprint = {0712.1563},
 primaryClass = {astro-ph},
       adsurl = {https://ui.adsabs.harvard.edu/abs/2008MNRAS.386.2135G},
      adsnote = {Provided by the SAO/NASA Astrophysics Data System}
}


@article{2007MNRAS.382.1050Tornatore,
    author = {Tornatore, L. and Borgani, S. and Dolag, K. and Matteucci, F.},
    title = "{Chemical enrichment of galaxy clusters from hydrodynamical simulations}",
    journal = {\mnras},
    volume = {382},
    number = {3},
    pages = {1050-1072},
    year = {2007},
    month = {11},
    issn = {0035-8711},
    doi = {10.1111/j.1365-2966.2007.12070.x},
    url = {https://doi.org/10.1111/j.1365-2966.2007.12070.x},
    eprint = {https://academic.oup.com/mnras/article-pdf/382/3/1050/18422138/mnras0382-1050.pdf},
}



@ARTICLE{2007MNRAS.380..437Poole,
       author = {{Poole}, Gregory B. and {Babul}, Arif and {McCarthy}, Ian G. and {Fardal}, Mark A. and {Bildfell}, C.~J. and {Quinn}, Thomas and {Mahdavi}, Andisheh},
        title = "{The impact of mergers on relaxed X-ray clusters - II. Effects on global X-ray and Sunyaev-Zel'dovich properties and their scaling relations}",
      journal = {\mnras},
     keywords = {galaxies: clusters: general, intergalactic medium, cosmology: theory, X-rays: general, Astrophysics},
         year = 2007,
        month = sep,
       volume = {380},
       number = {2},
        pages = {437-454},
          doi = {10.1111/j.1365-2966.2007.12107.x},
archivePrefix = {arXiv},
       eprint = {astro-ph/0701586},
 primaryClass = {astro-ph},
       adsurl = {https://ui.adsabs.harvard.edu/abs/2007MNRAS.380..437P},
      adsnote = {Provided by the SAO/NASA Astrophysics Data System}
} 


@ARTICLE{2009ApJ...700..989Bode,
       author = {{Bode}, Paul and {Ostriker}, Jeremiah P. and {Vikhlinin}, Alexey},
        title = "{Exploring the Energetics of Intracluster Gas with a Simple and Accurate Model}",
      journal = {\apj},
     keywords = {cosmology: theory, galaxies: clusters: general, intergalactic medium, X-rays: galaxies: clusters, Astrophysics - Cosmology and Extragalactic Astrophysics},
         year = 2009,
        month = aug,
       volume = {700},
       number = {2},
        pages = {989-999},
          doi = {10.1088/0004-637X/700/2/989},
archivePrefix = {arXiv},
       eprint = {0905.3748},
 primaryClass = {astro-ph.CO},
       adsurl = {https://ui.adsabs.harvard.edu/abs/2009ApJ...700..989B},
      adsnote = {Provided by the SAO/NASA Astrophysics Data System}
}



@ARTICLE{2009ApJ...693.1142Sun,
       author = {{Sun}, M. and {Voit}, G.~M. and {Donahue}, M. and {Jones}, C. and {Forman}, W. and {Vikhlinin}, A.},
        title = "{Chandra Studies of the X-Ray Gas Properties of Galaxy Groups}",
      journal = {\apj},
     keywords = {cosmology: observations, dark matter, galaxies: clusters: general, X-rays: galaxies: clusters, Astrophysics},
         year = 2009,
        month = mar,
       volume = {693},
       number = {2},
        pages = {1142-1172},
          doi = {10.1088/0004-637X/693/2/1142},
archivePrefix = {arXiv},
       eprint = {0805.2320},
 primaryClass = {astro-ph},
       adsurl = {https://ui.adsabs.harvard.edu/abs/2009ApJ...693.1142S},
      adsnote = {Provided by the SAO/NASA Astrophysics Data System}
}


@ARTICLE{2009MNRAS.399..497Dolag,
   author = {{Dolag}, K. and {Borgani}, S. and {Murante}, G. and {Springel}, V.
	},
    title = "{Substructures in hydrodynamical cluster simulations}",
  journal = {\mnras},
archivePrefix = "arXiv",
   eprint = {0808.3401},
 keywords = {hydrodynamics , methods: numerical , galaxies: clusters: general , galaxies: evolution , cosmology: theory},
     year = 2009,
    month = oct,
   volume = 399,
    pages = {497-514},
      doi = {10.1111/j.1365-2966.2009.15034.x},
   adsurl = {http://adsabs.harvard.edu/abs/2009MNRAS.399..497D},
  adsnote = {Provided by the SAO/NASA Astrophysics Data System}
}



@ARTICLE{2009ApJ...699..315Yang,
       author = {{Yang}, Hsiang-Yi Karen and {Ricker}, Paul M. and {Sutter}, P.~M.},
        title = "{The Influence of Concentration and Dynamical State on Scatter in the Galaxy Cluster Mass-Temperature Relation}",
      journal = {\apj},
     keywords = {galaxies: clusters: general, hydrodynamics, intergalactic medium, X-rays: galaxies, Astrophysics},
         year = 2009,
        month = jul,
       volume = {699},
       number = {1},
        pages = {315-329},
          doi = {10.1088/0004-637X/699/1/315},
archivePrefix = {arXiv},
       eprint = {0808.4099},
 primaryClass = {astro-ph},
       adsurl = {https://ui.adsabs.harvard.edu/abs/2009ApJ...699..315Y},
      adsnote = {Provided by the SAO/NASA Astrophysics Data System}
}


@ARTICLE{2009A&A...498..361Pratt,
       author = {{Pratt}, G.~W. and {Croston}, J.~H. and {Arnaud}, M. and {B{\"o}hringer}, H.},
        title = "{Galaxy cluster X-ray luminosity scaling relations from a representative local sample (REXCESS)}",
      journal = {\aap},
     keywords = {X-rays: galaxies: clusters, galaxies: clusters: general, intergalactic medium, cosmology: observations, dark matter, Astrophysics},
         year = 2009,
        month = may,
       volume = {498},
       number = {2},
        pages = {361-378},
          doi = {10.1051/0004-6361/200810994},
archivePrefix = {arXiv},
       eprint = {0809.3784},
 primaryClass = {astro-ph},
       adsurl = {https://ui.adsabs.harvard.edu/abs/2009A&A...498..361P},
      adsnote = {Provided by the SAO/NASA Astrophysics Data System}
}


@ARTICLE{2009MNRAS.398.1150Boylan,
       author = {{Boylan-Kolchin}, Michael and {Springel}, Volker and
         {White}, Simon D.~M. and {Jenkins}, Adrian and {Lemson}, Gerard},
        title = "{Resolving cosmic structure formation with the Millennium-II Simulation}",
      journal = {\mnras},
     keywords = {methods: N-body simulations, galaxies: haloes, cosmology: theory, Astrophysics - Cosmology and Extragalactic Astrophysics},
         year = "2009",
        month = "Sep",
       volume = {398},
       number = {3},
        pages = {1150-1164},
          doi = {10.1111/j.1365-2966.2009.15191.x},
archivePrefix = {arXiv},
       eprint = {0903.3041},
 primaryClass = {astro-ph.CO},
       adsurl = {https://ui.adsabs.harvard.edu/abs/2009MNRAS.398.1150B},
      adsnote = {Provided by the SAO/NASA Astrophysics Data System}
}

@ARTICLE{2010MNRAS.407..263Andreon,
       author = {{Andreon}, S.},
        title = "{The stellar mass fraction and baryon content of galaxy clusters and groups}",
      journal = {\mnras},
     keywords = {methods: statistical, galaxies: clusters: general, galaxies: luminosity function, mass function, galaxies: stellar content, cosmology: observations, X-rays: galaxies: clusters, Astrophysics - Cosmology and Nongalactic Astrophysics, Astrophysics - Instrumentation and Methods for Astrophysics, Statistics - Applications},
         year = 2010,
        month = sep,
       volume = {407},
       number = {1},
        pages = {263-276},
          doi = {10.1111/j.1365-2966.2010.16856.x},
archivePrefix = {arXiv},
       eprint = {1004.2785},
 primaryClass = {astro-ph.CO},
       adsurl = {https://ui.adsabs.harvard.edu/abs/2010MNRAS.407..263A},
      adsnote = {Provided by the SAO/NASA Astrophysics Data System}
}


@ARTICLE{Castignani2016richness,
       author = {{Castignani}, G. and {Benoist}, C.},
        title = "{A new method to assign galaxy cluster membership using photometric redshifts}",
      journal = {\aap},
     keywords = {galaxies: clusters: general, galaxies: statistics, galaxies: groups: general, Astrophysics - Cosmology and Nongalactic Astrophysics},
         year = 2016,
        month = nov,
       volume = {595},
          eid = {A111},
        pages = {A111},
          doi = {10.1051/0004-6361/201528009},
archivePrefix = {arXiv},
       eprint = {1606.08744},
 primaryClass = {astro-ph.CO},
       adsurl = {https://ui.adsabs.harvard.edu/abs/2016A&A...595A.111C},
      adsnote = {Provided by the SAO/NASA Astrophysics Data System}
}



@ARTICLE{Duffy08Mc,
       author = {{Duffy}, Alan R. and {Schaye}, Joop and {Kay}, Scott T. and {Dalla Vecchia}, Claudio},
        title = "{Dark matter halo concentrations in the Wilkinson Microwave Anisotropy Probe year 5 cosmology}",
      journal = {\mnras},
     keywords = {methods: N-body simulations, galaxies: clusters: general, galaxies: haloes, cosmological parameters, cosmology: theory, dark matter, Astrophysics},
         year = 2008,
        month = oct,
       volume = {390},
       number = {1},
        pages = {L64-L68},
          doi = {10.1111/j.1745-3933.2008.00537.x},
archivePrefix = {arXiv},
       eprint = {0804.2486},
 primaryClass = {astro-ph},
       adsurl = {https://ui.adsabs.harvard.edu/abs/2008MNRAS.390L..64D},
      adsnote = {Provided by the SAO/NASA Astrophysics Data System}
}


@ARTICLE{2010MNRAS.405.2161Duffy,
       author = {{Duffy}, Alan R. and {Schaye}, Joop and {Kay}, Scott T. and {Dalla Vecchia}, Claudio and {Battye}, Richard A. and {Booth}, C.~M.},
        title = "{Impact of baryon physics on dark matter structures: a detailed simulation study of halo density profiles}",
      journal = {\mnras},
     keywords = {hydrodynamics, gravitation, methods: numerical, galaxies: haloes, galaxies: structure, dark matter, Astrophysics - Cosmology and Extragalactic Astrophysics, Astrophysics - Galaxy Astrophysics},
         year = 2010,
        month = jul,
       volume = {405},
       number = {4},
        pages = {2161-2178},
          doi = {10.1111/j.1365-2966.2010.16613.x},
archivePrefix = {arXiv},
       eprint = {1001.3447},
 primaryClass = {astro-ph.CO},
       adsurl = {https://ui.adsabs.harvard.edu/abs/2010MNRAS.405.2161D},
      adsnote = {Provided by the SAO/NASA Astrophysics Data System}
}


@ARTICLE{2010MNRAS.407..581RagoneFigueroa,
       author = {{Ragone-Figueroa}, C. and {Plionis}, M. and {Merch{\'a}n}, M. and {Gottl{\"o}ber}, S. and {Yepes}, G.},
        title = "{The relation between halo shape, velocity dispersion and formation time}",
      journal = {\mnras},
     keywords = {methods: numerical, galaxies: clusters: general, galaxies: haloes, dark matter, Astrophysics - Cosmology and Nongalactic Astrophysics},
         year = 2010,
        month = sep,
       volume = {407},
       number = {1},
        pages = {581-589},
          doi = {10.1111/j.1365-2966.2010.16935.x},
archivePrefix = {arXiv},
       eprint = {1005.1870},
 primaryClass = {astro-ph.CO},
       adsurl = {https://ui.adsabs.harvard.edu/abs/2010MNRAS.407..581R},
      adsnote = {Provided by the SAO/NASA Astrophysics Data System}
}


@ARTICLE{2010A&A...517A..92Arnaud,
       author = {{Arnaud}, M. and {Pratt}, G.~W. and {Piffaretti}, R. and {B{\"o}hringer}, H. and {Croston}, J.~H. and {Pointecouteau}, E.},
        title = "{The universal galaxy cluster pressure profile from a representative sample of nearby systems (REXCESS) and the Y$_{SZ}$ - M$_{500}$ relation}",
      journal = {\aap},
     keywords = {cosmology: observations, dark matter, galaxies: clusters: general, intergalactic, medium, X-rays: galaxies: clusters, Astrophysics - Cosmology and Nongalactic Astrophysics},
         year = 2010,
        month = jul,
       volume = {517},
          eid = {A92},
        pages = {A92},
          doi = {10.1051/0004-6361/200913416},
archivePrefix = {arXiv},
       eprint = {0910.1234},
 primaryClass = {astro-ph.CO},
       adsurl = {https://ui.adsabs.harvard.edu/abs/2010A&A...517A..92A},
      adsnote = {Provided by the SAO/NASA Astrophysics Data System}
}



@ARTICLE{2010ApJ...721..875Okabe,
       author = {{Okabe}, N. and {Zhang}, Y. -Y. and {Finoguenov}, A. and {Takada}, M. and {Smith}, G.~P. and {Umetsu}, K. and {Futamase}, T.},
        title = "{LoCuSS: Calibrating Mass-observable Scaling Relations for Cluster Cosmology with Subaru Weak-lensing Observations}",
      journal = {\apj},
     keywords = {cosmology: observations, dark matter, galaxies: clusters: general, gravitational lensing: weak, X-rays: galaxies: clusters, Astrophysics - Cosmology and Nongalactic Astrophysics},
         year = 2010,
        month = sep,
       volume = {721},
       number = {1},
        pages = {875-885},
          doi = {10.1088/0004-637X/721/1/875},
archivePrefix = {arXiv},
       eprint = {1007.3816},
 primaryClass = {astro-ph.CO},
       adsurl = {https://ui.adsabs.harvard.edu/abs/2010ApJ...721..875O},
      adsnote = {Provided by the SAO/NASA Astrophysics Data System}
}



@ARTICLE{2010A&A...513A..37Hudson,
       author = {{Hudson}, D.~S. and {Mittal}, R. and {Reiprich}, T.~H. and {Nulsen}, P.~E.~J. and {Andernach}, H. and {Sarazin}, C.~L.},
        title = "{What is a cool-core cluster? a detailed analysis of the cores of the X-ray flux-limited HIFLUGCS cluster sample}",
      journal = {\aap},
     keywords = {intergalactic medium, galaxies: clusters: general, Astrophysics - Cosmology and Nongalactic Astrophysics},
         year = 2010,
        month = apr,
       volume = {513},
          eid = {A37},
        pages = {A37},
          doi = {10.1051/0004-6361/200912377},
archivePrefix = {arXiv},
       eprint = {0911.0409},
 primaryClass = {astro-ph.CO},
       adsurl = {https://ui.adsabs.harvard.edu/abs/2010A&A...513A..37H},
      adsnote = {Provided by the SAO/NASA Astrophysics Data System}
}

@ARTICLE{2010ApJ...715.1508Stanek,
       author = {{Stanek}, R. and {Rasia}, E. and {Evrard}, A.~E. and {Pearce}, F. and {Gazzola}, L.},
        title = "{Massive Halos in Millennium Gas Simulations: Multivariate Scaling Relations}",
      journal = {\apj},
     keywords = {galaxies: clusters: general, galaxies: clusters: intracluster medium, Astrophysics - Cosmology and Nongalactic Astrophysics},
         year = 2010,
        month = jun,
       volume = {715},
       number = {2},
        pages = {1508-1523},
          doi = {10.1088/0004-637X/715/2/1508},
archivePrefix = {arXiv},
       eprint = {0910.1599},
 primaryClass = {astro-ph.CO},
       adsurl = {https://ui.adsabs.harvard.edu/abs/2010ApJ...715.1508S},
      adsnote = {Provided by the SAO/NASA Astrophysics Data System}
}


@ARTICLE{2010ApJ...708..645Rozo,
       author = {{Rozo}, Eduardo and {Wechsler}, Risa H. and {Rykoff}, Eli S. and {Annis}, James T. and {Becker}, Matthew R. and {Evrard}, August E. and {Frieman}, Joshua A. and {Hansen}, Sarah M. and {Hao}, Jiangang and {Johnston}, David E. and {Koester}, Benjamin P. and {McKay}, Timothy A. and {Sheldon}, Erin S. and {Weinberg}, David H.},
        title = "{Cosmological Constraints from the Sloan Digital Sky Survey maxBCG Cluster Catalog}",
      journal = {\apj},
     keywords = {cosmological parameters, cosmology: observations, large-scale structure of universe, Astrophysics - Cosmology and Extragalactic Astrophysics},
         year = 2010,
        month = jan,
       volume = {708},
       number = {1},
        pages = {645-660},
          doi = {10.1088/0004-637X/708/1/645},
archivePrefix = {arXiv},
       eprint = {0902.3702},
 primaryClass = {astro-ph.CO},
       adsurl = {https://ui.adsabs.harvard.edu/abs/2010ApJ...708..645R},
      adsnote = {Provided by the SAO/NASA Astrophysics Data System}
}


@ARTICLE{2010MNRAS.401.1670Fabjan,
   author = {{Fabjan}, D. and {Borgani}, S. and {Tornatore}, L. and {Saro}, A. and 
	{Murante}, G. and {Dolag}, K.},
    title = "{Simulating the effect of active galactic nuclei feedback on the metal enrichment of galaxy clusters}",
  journal = {\mnras},
archivePrefix = "arXiv",
   eprint = {0909.0664},
 keywords = {methods: numerical, galaxies: abundances, intergalactic medium, cosmology: theory, X-rays: galaxies: clusters},
     year = 2010,
    month = jan,
   volume = 401,
    pages = {1670-1690},
      doi = {10.1111/j.1365-2966.2009.15794.x},
   adsurl = {http://adsabs.harvard.edu/abs/2010MNRAS.401.1670F},
  adsnote = {Provided by the SAO/NASA Astrophysics Data System}
}


@ARTICLE{2011A&A...525A.139Melin,
       author = {{Melin}, J. -B. and {Bartlett}, J.~G. and {Delabrouille}, J. and {Arnaud}, M. and {Piffaretti}, R. and {Pratt}, G.~W.},
        title = "{The galaxy cluster Y$_{SZ}$ - L$_{X}$ and Y$_{SZ}$ - M relations from the WMAP 5-yr data}",
      journal = {\aap},
     keywords = {cosmology: observations, galaxies: clusters: general, galaxies: clusters: intracluster medium, cosmic background radiation, X-rays: galaxies: clusters, Astrophysics - Cosmology and Nongalactic Astrophysics},
         year = 2011,
        month = jan,
       volume = {525},
          eid = {A139},
        pages = {A139},
          doi = {10.1051/0004-6361/201013999},
archivePrefix = {arXiv},
       eprint = {1001.0871},
 primaryClass = {astro-ph.CO},
       adsurl = {https://ui.adsabs.harvard.edu/abs/2011A&A...525A.139M},
      adsnote = {Provided by the SAO/NASA Astrophysics Data System}
}


@ARTICLE{2011ApJS..192...18Komatsu,
       author = {{Komatsu}, E. and {Smith}, K.~M. and {Dunkley}, J. and {Bennett}, C.~L. and {Gold}, B. and {Hinshaw}, G. and {Jarosik}, N. and {Larson}, D. and {Nolta}, M.~R. and {Page}, L. and {Spergel}, D.~N. and {Halpern}, M. and {Hill}, R.~S. and {Kogut}, A. and {Limon}, M. and {Meyer}, S.~S. and {Odegard}, N. and {Tucker}, G.~S. and {Weiland}, J.~L. and {Wollack}, E. and {Wright}, E.~L.},
        title = "{Seven-year Wilkinson Microwave Anisotropy Probe (WMAP) Observations: Cosmological Interpretation}",
      journal = {\apjs},
     keywords = {cosmic background radiation, cosmology: observations, dark matter, early universe, space vehicles, Astrophysics - Cosmology and Extragalactic Astrophysics},
         year = 2011,
        month = feb,
       volume = {192},
       number = {2},
          eid = {18},
        pages = {18},
          doi = {10.1088/0067-0049/192/2/18},
archivePrefix = {arXiv},
       eprint = {1001.4538},
 primaryClass = {astro-ph.CO},
       adsurl = {https://ui.adsabs.harvard.edu/abs/2011ApJS..192...18K},
      adsnote = {Provided by the SAO/NASA Astrophysics Data System}
}



@ARTICLE{2011MNRAS.416..801Fabjan,
       author = {{Fabjan}, D. and {Borgani}, S. and {Rasia}, E. and {Bonafede}, A. and {Dolag}, K. and {Murante}, G. and {Tornatore}, L.},
        title = "{X-ray mass proxies from hydrodynamic simulations of galaxy clusters - I}",
      journal = {\mnras},
     keywords = {methods: numerical, cosmology: miscellaneous, X-rays: galaxies: clusters, Astrophysics - Cosmology and Nongalactic Astrophysics},
         year = 2011,
        month = sep,
       volume = {416},
       number = {2},
        pages = {801-816},
          doi = {10.1111/j.1365-2966.2011.18497.x},
archivePrefix = {arXiv},
       eprint = {1102.2903},
 primaryClass = {astro-ph.CO},
       adsurl = {https://ui.adsabs.harvard.edu/abs/2011MNRAS.416..801F},
      adsnote = {Provided by the SAO/NASA Astrophysics Data System}
}



@ARTICLE{2011A&A...526A..79Eckert,
       author = {{Eckert}, D. and {Molendi}, S. and {Paltani}, S.},
        title = "{The cool-core bias in X-ray galaxy cluster samples. I. Method and application to HIFLUGCS}",
      journal = {\aap},
     keywords = {galaxies: clusters: general, galaxies: clusters: intracluster medium, X-rays: galaxies: clusters, Astrophysics - Cosmology and Nongalactic Astrophysics, Astrophysics - High Energy Astrophysical Phenomena, Astrophysics - Instrumentation and Methods for Astrophysics},
         year = 2011,
        month = feb,
       volume = {526},
          eid = {A79},
        pages = {A79},
          doi = {10.1051/0004-6361/201015856},
archivePrefix = {arXiv},
       eprint = {1011.3302},
 primaryClass = {astro-ph.CO},
       adsurl = {https://ui.adsabs.harvard.edu/abs/2011A&A...526A..79E},
      adsnote = {Provided by the SAO/NASA Astrophysics Data System}
}



@ARTICLE{2011A&A...536A..37Andreon,
       author = {{Andreon}, S. and {Moretti}, A.},
        title = "{Do X-ray dark or underluminous galaxy clusters exist?}",
      journal = {\aap},
     keywords = {galaxies: clusters: intracluster medium, X-rays: galaxies: clusters, methods: statistical, galaxies: clusters: general, dark matter, Astrophysics - Cosmology and Nongalactic Astrophysics},
         year = 2011,
        month = dec,
       volume = {536},
          eid = {A37},
        pages = {A37},
          doi = {10.1051/0004-6361/201116761},
archivePrefix = {arXiv},
       eprint = {1109.4031},
 primaryClass = {astro-ph.CO},
       adsurl = {https://ui.adsabs.harvard.edu/abs/2011A&A...536A..37A},
      adsnote = {Provided by the SAO/NASA Astrophysics Data System}
}

@ARTICLE{2011MNRAS.416.2997Cui,
       author = {{Cui}, Weiguang and {Springel}, Volker and {Yang}, Xiaohu and {De Lucia}, Gabriella and {Borgani}, Stefano},
        title = "{Properties of fossil groups in cosmological simulations and galaxy formation models}",
      journal = {\mnras},
     keywords = {galaxy: evolution, galaxies: formation, Astrophysics - Cosmology and Nongalactic Astrophysics, Astrophysics - Astrophysics of Galaxies},
         year = 2011,
        month = oct,
       volume = {416},
       number = {4},
        pages = {2997-3008},
          doi = {10.1111/j.1365-2966.2011.19248.x},
archivePrefix = {arXiv},
       eprint = {1102.4269},
 primaryClass = {astro-ph.CO},
       adsurl = {https://ui.adsabs.harvard.edu/abs/2011MNRAS.416.2997C},
      adsnote = {Provided by the SAO/NASA Astrophysics Data System}
}



@ARTICLE{2011ARA&A..49..409Allen,
       author = {{Allen}, Steven W. and {Evrard}, August E. and {Mantz}, Adam B.},
        title = "{Cosmological Parameters from Observations of Galaxy Clusters}",
      journal = {\araa},
     keywords = {Astrophysics - Cosmology and Extragalactic Astrophysics},
         year = 2011,
        month = sep,
       volume = {49},
       number = {1},
        pages = {409-470},
          doi = {10.1146/annurev-astro-081710-102514},
archivePrefix = {arXiv},
       eprint = {1103.4829},
 primaryClass = {astro-ph.CO},
       adsurl = {https://ui.adsabs.harvard.edu/abs/2011ARA&A..49..409A},
      adsnote = {Provided by the SAO/NASA Astrophysics Data System}
}
@ARTICLE{2012MNRAS.427.1322Ludlow,
       author = {{Ludlow}, Aaron D. and {Navarro}, Julio F. and {Li}, Ming and {Angulo}, Raul E. and {Boylan-Kolchin}, Michael and {Bett}, Philip E.},
        title = "{The dynamical state and mass-concentration relation of galaxy clusters}",
      journal = {\mnras},
     keywords = {galaxies: clusters: general, cosmology: theory, dark matter, Astrophysics - Cosmology and Nongalactic Astrophysics},
         year = 2012,
        month = dec,
       volume = {427},
       number = {2},
        pages = {1322-1328},
          doi = {10.1111/j.1365-2966.2012.21892.x},
archivePrefix = {arXiv},
       eprint = {1206.1049},
 primaryClass = {astro-ph.CO},
       adsurl = {https://ui.adsabs.harvard.edu/abs/2012MNRAS.427.1322L},
      adsnote = {Provided by the SAO/NASA Astrophysics Data System}
}
@ARTICLE{2023arXiv230200687EuclidCollaboration,
       author = {{Euclid Collaboration} and {Giocoli}, C. and {Meneghetti}, M. and {Rasia}, E. and {Borgani}, S. and {Despali}, G. and {Lesci}, G.~F. and {Marulli}, F. and {Moscardini}, L. and {Sereno}, M. and {Cui}, W. and {Knebe}, A. and {Yepes}, G. and {Castro}, T. and {Corasaniti}, P. -S. and {Pires}, S. and {Castignani}, G. and {Ingoglia}, L. and {Schrabback}, T. and {Pratt}, G.~W. and {Le Brun}, A.~M.~C. and {Aghanim}, N. and {Amendola}, L. and {Auricchio}, N. and {Baldi}, M. and {Bodendorf}, C. and {Bonino}, D. and {Branchini}, E. and {Brescia}, M. and {Brinchmann}, J. and {Camera}, S. and {Capobianco}, V. and {Carbone}, C. and {Carretero}, J. and {Castander}, F.~J. and {Castellano}, M. and {Cavuoti}, S. and {Cledassou}, R. and {Congedo}, G. and {Conselice}, C.~J. and {Conversi}, L. and {Copin}, Y. and {Corcione}, L. and {Courbin}, F. and {Cropper}, M. and {Da Silva}, A. and {Degaudenzi}, H. and {Dinis}, J. and {Dubath}, F. and {Dupac}, X. and {Dusini}, S. and {Farrens}, S. and {Ferriol}, S. and {Fosalba}, P. and {Frailis}, M. and {Franceschi}, E. and {Fumana}, M. and {Galeotta}, S. and {Garilli}, B. and {Gillis}, B. and {Grazian}, A. and {Grupp}, F. and {Haugan}, S.~V.~H. and {Holmes}, W. and {Hornstrup}, A. and {Jahnke}, K. and {K{\"u}mmel}, M. and {Kermiche}, S. and {Kilbinger}, M. and {Kunz}, M. and {Kurki-Suonio}, H. and {Ligori}, S. and {Lilje}, P.~B. and {Lloro}, I. and {Maiorano}, E. and {Mansutti}, O. and {Marggraf}, O. and {Markovic}, K. and {Massey}, R. and {Maurogordato}, S. and {Mei}, S. and {Merlin}, E. and {Meylan}, G. and {Moresco}, M. and {Munari}, E. and {Niemi}, S. -M. and {Nightingale}, J. and {Nutma}, T. and {Padilla}, C. and {Paltani}, S. and {Pasian}, F. and {Pedersen}, K. and {Pettorino}, V. and {Polenta}, G. and {Poncet}, M. and {Popa}, L.~A. and {Raison}, F. and {Renzi}, A. and {Rhodes}, J. and {Riccio}, G. and {Romelli}, E. and {Roncarelli}, M. and {Rossetti}, E. and {Saglia}, R. and {Sapone}, D. and {Sartoris}, B. and {Schneider}, P. and {Secroun}, A. and {Serrano}, S. and {Sirignano}, C. and {Sirri}, G. and {Stanco}, L. and {Starck}, J. -L. and {Tallada-Cresp{\'\i}}, P. and {Taylor}, A.~N. and {Tereno}, I. and {Toledo-Moreo}, R. and {Torradeflot}, F. and {Tutusaus}, I. and {Valentijn}, E.~A. and {Valenziano}, L. and {Vassallo}, T. and {Wang}, Y. and {Weller}, J. and {Zamorani}, G. and {Zoubian}, J. and {Andreon}, S. and {Bardelli}, S. and {Boucaud}, A. and {Bozzo}, E. and {Colodro-Conde}, C. and {Di Ferdinando}, D. and {Fabbian}, G. and {Farina}, M. and {Israel}, H. and {Keih{\"a}nen}, E. and {Lindholm}, V. and {Mauri}, N. and {Neissner}, C. and {Schirmer}, M. and {Scottez}, V. and {Tenti}, M. and {Zucca}, E. and {Akrami}, Y. and {Baccigalupi}, C. and {Ballardini}, M. and {Bernardeau}, F. and {Biviano}, A. and {Borlaff}, A.~S. and {Burigana}, C. and {Cabanac}, R. and {Cappi}, A. and {Carvalho}, C.~S. and {Casas}, S. and {Chambers}, K.~C. and {Cooray}, A.~R. and {Courtois}, H.~M. and {Davini}, S. and {de la Torre}, S. and {De Lucia}, G. and {Desprez}, G. and {Dole}, H. and {Escartin}, J.~A. and {Escoffier}, S. and {Ferrero}, I. and {Finelli}, F. and {Gabarra}, L. and {Ganga}, K. and {Garcia-Bellido}, J. and {George}, K. and {Giacomini}, F. and {Gozaliasl}, G. and {Hildebrandt}, H. and {Hook}, I. and {JIMENEZ MU\textbackslash\{N\}OZ}, A. and {Joachimi}, B. and {Kajava}, J.~J.~E. and {Kansal}, V. and {Kirkpatrick}, C.~C. and {Legrand}, L. and {Loureiro}, A. and {Macias-Perez}, J. and {Magliocchetti}, M. and {Mainetti}, G. and {Maoli}, R. and {Marcin}, S. and {Martinelli}, M. and {Martinet}, N. and {Martins}, C.~J.~A.~P. and {Matthew}, S. and {Maurin}, L. and {Metcalf}, R.~B. and {Monaco}, P. and {Morgante}, G. and {Nadathur}, S. and {Nucita}, A.~A. and {Patrizii}, L. and {Peel}, A. and {Pollack}, J. and {Popa}, V. and {Porciani}, C. and {Potter}, D. and {P{\"o}ntinen}, M. and {Reimberg}, P. and {S{\'a}nchez}, A.~G. and {Sakr}, Z. and {Schneider}, A. and {Sefusatti}, E. and {Shulevski}, A. and {Spurio Mancini}, A. and {Stadel}, J. and {Steinwagner}, J. and {Valiviita}, J. and {Veropalumbo}, A. and {Viel}, M. and {Zinchenko}, I.~A.},
        title = "{Euclid preparation. XXX. Evaluating the weak lensing cluster mass biases using the Three Hundred Project hydrodynamical simulations}",
      journal = {arXiv},
     keywords = {Astrophysics - Cosmology and Nongalactic Astrophysics, Astrophysics - Astrophysics of Galaxies},
         year = 2023,
        month = feb,
          eid = {arXiv:2302.00687},
        pages = {arXiv:2302.00687},
          doi = {10.48550/arXiv.2302.00687},
archivePrefix = {arXiv},
       eprint = {2302.00687},
 primaryClass = {astro-ph.CO},
       adsurl = {https://ui.adsabs.harvard.edu/abs/2023arXiv230200687E},
      adsnote = {Provided by the SAO/NASA Astrophysics Data System}
}


@ARTICLE{2012MNRAS.422..185Giocoli,
       author = {{Giocoli}, Carlo and {Tormen}, Giuseppe and {Sheth}, Ravi K.},
        title = "{Formation times, mass growth histories and concentrations of dark matter haloes}",
      journal = {\mnras},
     keywords = {methods: analytical, galaxies: haloes, cosmology: theory, dark matter, Astrophysics - Cosmology and Nongalactic Astrophysics},
         year = 2012,
        month = may,
       volume = {422},
       number = {1},
        pages = {185-198},
          doi = {10.1111/j.1365-2966.2012.20594.x},
archivePrefix = {arXiv},
       eprint = {1111.6977},
 primaryClass = {astro-ph.CO},
       adsurl = {https://ui.adsabs.harvard.edu/abs/2012MNRAS.422..185G},
      adsnote = {Provided by the SAO/NASA Astrophysics Data System}
}



@ARTICLE{2012MNRAS.427.1298Hoekstra,
       author = {{Hoekstra}, Henk and {Mahdavi}, Andisheh and {Babul}, Arif and {Bildfell}, Chris},
        title = "{The Canadian Cluster Comparison Project: weak lensing masses and SZ scaling relations}",
      journal = {\mnras},
     keywords = {gravitational lensing: weak, galaxies: clusters: general, cosmology: observations, dark matter, Astrophysics - Cosmology and Nongalactic Astrophysics},
         year = 2012,
        month = dec,
       volume = {427},
       number = {2},
        pages = {1298-1311},
          doi = {10.1111/j.1365-2966.2012.22072.x},
archivePrefix = {arXiv},
       eprint = {1208.0606},
 primaryClass = {astro-ph.CO},
       adsurl = {https://ui.adsabs.harvard.edu/abs/2012MNRAS.427.1298H},
      adsnote = {Provided by the SAO/NASA Astrophysics Data System}
}

@ARTICLE{2012MNRAS.426.2046Angulo,
       author = {{Angulo}, R.~E. and {Springel}, V. and {White}, S.~D.~M. and {Jenkins}, A. and {Baugh}, C.~M. and {Frenk}, C.~S.},
        title = "{Scaling relations for galaxy clusters in the Millennium-XXL simulation}",
      journal = {\mnras},
     keywords = {cosmology: theory, large-scale structure of Universe, Astrophysics - Cosmology and Nongalactic Astrophysics, Astrophysics - Astrophysics of Galaxies},
         year = 2012,
        month = nov,
       volume = {426},
       number = {3},
        pages = {2046-2062},
          doi = {10.1111/j.1365-2966.2012.21830.x},
archivePrefix = {arXiv},
       eprint = {1203.3216},
 primaryClass = {astro-ph.CO},
       adsurl = {https://ui.adsabs.harvard.edu/abs/2012MNRAS.426.2046A},
      adsnote = {Provided by the SAO/NASA Astrophysics Data System}
}


@ARTICLE{2012MNRAS.419.1766Krause,
       author = {{Krause}, Elisabeth and {Pierpaoli}, Elena and {Dolag}, Klaus and {Borgani}, Stefano},
        title = "{Merger-induced scatter and bias in the cluster mass-Sunyaev-Zel'dovich effect scaling relation}",
      journal = {\mnras},
     keywords = {large-scale structure of Universe, galaxies: clusters: general, Astrophysics - Cosmology and Nongalactic Astrophysics},
         year = 2012,
        month = jan,
       volume = {419},
       number = {2},
        pages = {1766-1779},
          doi = {10.1111/j.1365-2966.2011.19844.x},
archivePrefix = {arXiv},
       eprint = {1107.5740},
 primaryClass = {astro-ph.CO},
       adsurl = {https://ui.adsabs.harvard.edu/abs/2012MNRAS.419.1766K},
      adsnote = {Provided by the SAO/NASA Astrophysics Data System}
}



@ARTICLE{2012ARA&A..50..353Kravtsov,
       author = {{Kravtsov}, Andrey V. and {Borgani}, Stefano},
        title = "{Formation of Galaxy Clusters}",
      journal = {\araa},
     keywords = {Astrophysics - Cosmology and Nongalactic Astrophysics},
         year = 2012,
        month = sep,
       volume = {50},
        pages = {353-409},
          doi = {10.1146/annurev-astro-081811-125502},
archivePrefix = {arXiv},
       eprint = {1205.5556},
 primaryClass = {astro-ph.CO},
       adsurl = {https://ui.adsabs.harvard.edu/abs/2012ARA&A..50..353K},
      adsnote = {Provided by the SAO/NASA Astrophysics Data System}
}

@ARTICLE{2013ApJ...778...14Gonzalez,
       author = {{Gonzalez}, Anthony H. and {Sivanandam}, Suresh and {Zabludoff}, Ann I. and {Zaritsky}, Dennis},
        title = "{Galaxy Cluster Baryon Fractions Revisited}",
      journal = {\apj},
     keywords = {galaxies: clusters: general, galaxies: elliptical and lenticular, cD, galaxies: evolution, galaxies: formation, galaxies: fundamental parameters, X-rays: galaxies: clusters, Astrophysics - Cosmology and Nongalactic Astrophysics},
         year = 2013,
        month = nov,
       volume = {778},
       number = {1},
          eid = {14},
        pages = {14},
          doi = {10.1088/0004-637X/778/1/14},
archivePrefix = {arXiv},
       eprint = {1309.3565},
 primaryClass = {astro-ph.CO},
       adsurl = {https://ui.adsabs.harvard.edu/abs/2013ApJ...778...14G},
      adsnote = {Provided by the SAO/NASA Astrophysics Data System}
}



@ARTICLE{2013MNRAS.428.1395Biffi,
       author = {{Biffi}, V. and {Dolag}, K. and {B{\"o}hringer}, H.},
        title = "{Investigating the velocity structure and X-ray observable properties of simulated galaxy clusters with PHOX}",
      journal = {\mnras},
     keywords = {hydrodynamics, methods: numerical, X-rays: galaxies: clusters, Astrophysics - Cosmology and Nongalactic Astrophysics},
         year = 2013,
        month = jan,
       volume = {428},
       number = {2},
        pages = {1395-1409},
          doi = {10.1093/mnras/sts120},
archivePrefix = {arXiv},
       eprint = {1210.4158},
 primaryClass = {astro-ph.CO},
       adsurl = {https://ui.adsabs.harvard.edu/abs/2013MNRAS.428.1395B},
      adsnote = {Provided by the SAO/NASA Astrophysics Data System}
}


@ARTICLE{2014ApJ...797...34Meneghetti,
       author = {{Meneghetti}, M. and {Rasia}, E. and {Vega}, J. and {Merten}, J. and {Postman}, M. and {Yepes}, G. and {Sembolini}, F. and {Donahue}, M. and {Ettori}, S. and {Umetsu}, K. and {Balestra}, I. and {Bartelmann}, M. and {Ben{\'\i}tez}, N. and {Biviano}, A. and {Bouwens}, R. and {Bradley}, L. and {Broadhurst}, T. and {Coe}, D. and {Czakon}, N. and {De Petris}, M. and {Ford}, H. and {Giocoli}, C. and {Gottl{\"o}ber}, S. and {Grillo}, C. and {Infante}, L. and {Jouvel}, S. and {Kelson}, D. and {Koekemoer}, A. and {Lahav}, O. and {Lemze}, D. and {Medezinski}, E. and {Melchior}, P. and {Mercurio}, A. and {Molino}, A. and {Moscardini}, L. and {Monna}, A. and {Moustakas}, J. and {Moustakas}, L.~A. and {Nonino}, M. and {Rhodes}, J. and {Rosati}, P. and {Sayers}, J. and {Seitz}, S. and {Zheng}, W. and {Zitrin}, A.},
        title = "{The MUSIC of CLASH: Predictions on the Concentration-Mass Relation}",
      journal = {\apj},
     keywords = {dark matter, galaxies: clusters: general, gravitation lensing: weak, gravitational lensing: strong, Astrophysics - Cosmology and Nongalactic Astrophysics},
         year = 2014,
        month = dec,
       volume = {797},
       number = {1},
          eid = {34},
        pages = {34},
          doi = {10.1088/0004-637X/797/1/34},
archivePrefix = {arXiv},
       eprint = {1404.1384},
 primaryClass = {astro-ph.CO},
       adsurl = {https://ui.adsabs.harvard.edu/abs/2014ApJ...797...34M},
      adsnote = {Provided by the SAO/NASA Astrophysics Data System}
}

@ARTICLE{2014MNRAS.440.2610Saro,
       author = {{Saro}, A. and {Liu}, J. and {Mohr}, J.~J. and {Aird}, K.~A. and {Ashby}, M.~L.~N. and {Bayliss}, M. and {Benson}, B.~A. and {Bleem}, L.~E. and {Bocquet}, S. and {Brodwin}, M. and {Carlstrom}, J.~E. and {Chang}, C.~L. and {Chiu}, I. and {Cho}, H.~M. and {Clocchiatti}, A. and {Crawford}, T.~M. and {Crites}, A.~T. and {de Haan}, T. and {Desai}, S. and {Dietrich}, J.~P. and {Dobbs}, M.~A. and {Dolag}, K. and {Dudley}, J.~P. and {Foley}, R.~J. and {Gangkofner}, D. and {George}, E.~M. and {Gladders}, M.~D. and {Gonzalez}, A.~H. and {Halverson}, N.~W. and {Hennig}, C. and {Hlavacek-Larrondo}, J. and {Holzapfel}, W.~L. and {Hrubes}, J.~D. and {Jones}, C. and {Keisler}, R. and {Lee}, A.~T. and {Leitch}, E.~M. and {Lueker}, M. and {Luong-Van}, D. and {Mantz}, A. and {Marrone}, D.~P. and {McDonald}, M. and {McMahon}, J.~J. and {Mehl}, J. and {Meyer}, S.~S. and {Mocanu}, L. and {Montroy}, T.~E. and {Murray}, S.~S. and {Nurgaliev}, D. and {Padin}, S. and {Patej}, A. and {Pryke}, C. and {Reichardt}, C.~L. and {Rest}, A. and {Ruel}, J. and {Ruhl}, J.~E. and {Saliwanchik}, B.~R. and {Sayre}, J.~T. and {Schaffer}, K.~K. and {Shirokoff}, E. and {Spieler}, H.~G. and {Stalder}, B. and {Staniszewski}, Z. and {Stark}, A.~A. and {Story}, K. and {van Engelen}, A. and {Vanderlinde}, K. and {Vieira}, J.~D. and {Vikhlinin}, A. and {Williamson}, R. and {Zahn}, O. and {Zenteno}, A.},
        title = "{Constraints on the CMB temperature evolution using multiband measurements of the Sunyaev-Zel'dovich effect with the South Pole Telescope}",
      journal = {\mnras},
     keywords = {galaxies: clusters: general, cosmic background radiation, cosmology: observations, cosmology: theory, submillimetre: general, Astrophysics - Cosmology and Nongalactic Astrophysics},
         year = 2014,
        month = may,
       volume = {440},
       number = {3},
        pages = {2610-2615},
          doi = {10.1093/mnras/stu575},
archivePrefix = {arXiv},
       eprint = {1312.2462},
 primaryClass = {astro-ph.CO},
       adsurl = {https://ui.adsabs.harvard.edu/abs/2014MNRAS.440.2610S},
      adsnote = {Provided by the SAO/NASA Astrophysics Data System}
}



@ARTICLE{2013MNRAS.431.1487Planelles,
       author = {{Planelles}, S. and {Borgani}, S. and {Dolag}, K. and {Ettori}, S. and {Fabjan}, D. and {Murante}, G. and {Tornatore}, L.},
        title = "{Baryon census in hydrodynamical simulations of galaxy clusters}",
      journal = {\mnras},
     keywords = {methods: numerical, galaxies: clusters: general, cosmology: miscellaneous, X-rays: galaxies, Astrophysics - Cosmology and Nongalactic Astrophysics},
         year = 2013,
        month = may,
       volume = {431},
       number = {2},
        pages = {1487-1502},
          doi = {10.1093/mnras/stt265},
archivePrefix = {arXiv},
       eprint = {1209.5058},
 primaryClass = {astro-ph.CO},
       adsurl = {https://ui.adsabs.harvard.edu/abs/2013MNRAS.431.1487P},
      adsnote = {Provided by the SAO/NASA Astrophysics Data System}
}



@ARTICLE{2013ApJ...764...58Geller,
       author = {{Geller}, Margaret J. and {Diaferio}, Antonaldo and {Rines}, Kenneth J. and {Serra}, Ana Laura},
        title = "{Measuring the Mass Distribution in Galaxy Clusters}",
      journal = {\apj},
     keywords = {cosmology: observations, dark matter, galaxies: clusters: individual: MS0906+11 A750, galaxies: kinematics and dynamics, Astrophysics - Cosmology and Nongalactic Astrophysics},
         year = 2013,
        month = feb,
       volume = {764},
       number = {1},
          eid = {58},
        pages = {58},
          doi = {10.1088/0004-637X/764/1/58},
archivePrefix = {arXiv},
       eprint = {1209.5675},
 primaryClass = {astro-ph.CO},
       adsurl = {https://ui.adsabs.harvard.edu/abs/2013ApJ...764...58G},
      adsnote = {Provided by the SAO/NASA Astrophysics Data System}
}



@ARTICLE{2013SSRv..177..247Giodini,
       author = {{Giodini}, S. and {Lovisari}, L. and {Pointecouteau}, E. and {Ettori}, S. and {Reiprich}, T.~H. and {Hoekstra}, H.},
        title = "{Scaling Relations for Galaxy Clusters: Properties and Evolution}",
      journal = {\ssr},
     keywords = {Galaxy clusters, Large-scale structure of the Universe, Intracluster matter, Astrophysics - Cosmology and Nongalactic Astrophysics},
         year = 2013,
        month = aug,
       volume = {177},
       number = {1-4},
        pages = {247-282},
          doi = {10.1007/s11214-013-9994-5},
archivePrefix = {arXiv},
       eprint = {1305.3286},
 primaryClass = {astro-ph.CO},
       adsurl = {https://ui.adsabs.harvard.edu/abs/2013SSRv..177..247G},
      adsnote = {Provided by the SAO/NASA Astrophysics Data System}
}

@ARTICLE{2014MNRAS.441.1769Cui,
       author = {{Cui}, Weiguang and {Borgani}, Stefano and {Murante}, Giuseppe},
        title = "{The effect of active galactic nuclei feedback on the halo mass function}",
      journal = {\mnras},
     keywords = {galaxies: evolution, galaxies: formation, galaxies: general, galaxies: haloes, cosmology: theory, large-scale structure of Universe, Astrophysics - Cosmology and Nongalactic Astrophysics, Astrophysics - Astrophysics of Galaxies},
         year = 2014,
        month = jun,
       volume = {441},
       number = {2},
        pages = {1769-1782},
          doi = {10.1093/mnras/stu673},
archivePrefix = {arXiv},
       eprint = {1402.1493},
 primaryClass = {astro-ph.CO},
       adsurl = {https://ui.adsabs.harvard.edu/abs/2014MNRAS.441.1769C},
      adsnote = {Provided by the SAO/NASA Astrophysics Data System}
}



@ARTICLE{2014MNRAS.442.2641Velliscig,
       author = {{Velliscig}, Marco and {van Daalen}, Marcel P. and {Schaye}, Joop and {McCarthy}, Ian G. and {Cacciato}, Marcello and {Le Brun}, Amandine M.~C. and {Dalla Vecchia}, Claudio},
        title = "{The impact of galaxy formation on the total mass, mass profile and abundance of haloes}",
      journal = {\mnras},
     keywords = {galaxies: formation, galaxies: haloes, cosmology: theory, large-scale structure of Universe, Astrophysics - Cosmology and Nongalactic Astrophysics, Astrophysics - Astrophysics of Galaxies},
         year = 2014,
        month = aug,
       volume = {442},
       number = {3},
        pages = {2641-2658},
          doi = {10.1093/mnras/stu1044},
archivePrefix = {arXiv},
       eprint = {1402.4461},
 primaryClass = {astro-ph.CO},
       adsurl = {https://ui.adsabs.harvard.edu/abs/2014MNRAS.442.2641V},
      adsnote = {Provided by the SAO/NASA Astrophysics Data System}
}


@ARTICLE{2014MNRAS.442.2304Hirschmann,
   author = {{Hirschmann}, M. and {Dolag}, K. and {Saro}, A. and {Bachmann}, L. and 
	{Borgani}, S. and {Burkert}, A.},
    title = "{Cosmological simulations of black hole growth: AGN luminosities and downsizing}",
  journal = {\mnras},
archivePrefix = "arXiv",
   eprint = {1308.0333},
 keywords = {methods: numerical, galaxies: active, galaxies: evolution, quasars: general, quasars: supermassive black holes, galaxies: statistics},
     year = 2014,
    month = aug,
   volume = 442,
    pages = {2304-2324},
      doi = {10.1093/mnras/stu1023},
   adsurl = {http://adsabs.harvard.edu/abs/2014MNRAS.442.2304H},
  adsnote = {Provided by the SAO/NASA Astrophysics Data System}
}

@ARTICLE{2014MNRAS.445..175Genel,
       author = {{Genel}, Shy and {Vogelsberger}, Mark and {Springel}, Volker and {Sijacki}, Debora and {Nelson}, Dylan and {Snyder}, Greg and {Rodriguez-Gomez}, Vicente and {Torrey}, Paul and {Hernquist}, Lars},
        title = "{Introducing the Illustris project: the evolution of galaxy populations across cosmic time}",
      journal = {\mnras},
     keywords = {hydrodynamics, methods: numerical, galaxies: evolution, galaxies: formation, galaxies: high-redshift, cosmology: theory, Astrophysics - Cosmology and Nongalactic Astrophysics, Astrophysics - Astrophysics of Galaxies},
         year = 2014,
        month = nov,
       volume = {445},
       number = {1},
        pages = {175-200},
          doi = {10.1093/mnras/stu1654},
archivePrefix = {arXiv},
       eprint = {1405.3749},
 primaryClass = {astro-ph.CO},
       adsurl = {https://ui.adsabs.harvard.edu/abs/2014MNRAS.445..175G},
      adsnote = {Provided by the SAO/NASA Astrophysics Data System}
}


@ARTICLE{Lovisari+2015,
       author = {{Lovisari}, L. and {Reiprich}, T.~H. and {Schellenberger}, G.},
        title = "{Scaling properties of a complete X-ray selected galaxy group sample}",
      journal = {\aap},
     keywords = {galaxies: clusters: general, galaxies: clusters: intracluster medium, cosmology: observations, X-rays: galaxies: clusters, Astrophysics - Cosmology and Nongalactic Astrophysics},
         year = 2015,
        month = jan,
       volume = {573},
          eid = {A118},
        pages = {A118},
          doi = {10.1051/0004-6361/201423954},
archivePrefix = {arXiv},
       eprint = {1409.3845},
 primaryClass = {astro-ph.CO},
       adsurl = {https://ui.adsabs.harvard.edu/abs/2015A&A...573A.118L},
      adsnote = {Provided by the SAO/NASA Astrophysics Data System}
}



@ARTICLE{2015MNRAS.450..896Dvorkin,
       author = {{Dvorkin}, Irina and {Rephaeli}, Yoel},
        title = "{Evolution of the gas mass fraction in galaxy clusters}",
      journal = {\mnras},
     keywords = {galaxies: clusters: general, galaxies: clusters: intracluster medium, Astrophysics - Astrophysics of Galaxies, Astrophysics - Cosmology and Nongalactic Astrophysics},
         year = 2015,
        month = jun,
       volume = {450},
       number = {1},
        pages = {896-904},
          doi = {10.1093/mnras/stv644},
archivePrefix = {arXiv},
       eprint = {1406.3709},
 primaryClass = {astro-ph.GA},
       adsurl = {https://ui.adsabs.harvard.edu/abs/2015MNRAS.450..896D},
      adsnote = {Provided by the SAO/NASA Astrophysics Data System}
}



@ARTICLE{2015MNRAS.449..685Hoekstra,
       author = {{Hoekstra}, Henk and {Herbonnet}, Ricardo and {Muzzin}, Adam and {Babul}, Arif and {Mahdavi}, Andi and {Viola}, Massimo and {Cacciato}, Marcello},
        title = "{The Canadian Cluster Comparison Project: detailed study of systematics and updated weak lensing masses}",
      journal = {\mnras},
     keywords = {cosmology: observations, dark matter, Astrophysics - Cosmology and Nongalactic Astrophysics},
         year = 2015,
        month = may,
       volume = {449},
       number = {1},
        pages = {685-714},
          doi = {10.1093/mnras/stv275},
archivePrefix = {arXiv},
       eprint = {1502.01883},
 primaryClass = {astro-ph.CO},
       adsurl = {https://ui.adsabs.harvard.edu/abs/2015MNRAS.449..685H},
      adsnote = {Provided by the SAO/NASA Astrophysics Data System}
}



@ARTICLE{2015MNRAS.447.1873Naderi,
       author = {{Naderi}, Tayebe and {Malekjani}, Mohammad and {Pace}, Francesco},
        title = "{Evolution of spherical overdensities in holographic dark energy models}",
      journal = {\mnras},
     keywords = {methods: analytical, cosmology: theory, dark energy, General Relativity and Quantum Cosmology, Astrophysics - Cosmology and Nongalactic Astrophysics},
         year = 2015,
        month = feb,
       volume = {447},
       number = {2},
        pages = {1873-1884},
          doi = {10.1093/mnras/stu2481},
archivePrefix = {arXiv},
       eprint = {1411.7251},
 primaryClass = {gr-qc},
       adsurl = {https://ui.adsabs.harvard.edu/abs/2015MNRAS.447.1873N},
      adsnote = {Provided by the SAO/NASA Astrophysics Data System}
}


@INPROCEEDINGS{2015IAUGA..2257121Power,
       author = {{Power}, Chris and {Pearce}, Frazer and {Knebe}, Alexander},
        title = "{Probes of the Dynamical State of Galaxy Clusters: Insights from the nIFTy Simulated Galaxy Cluster Comparison}",
    booktitle = {IAU General Assembly},
         year = 2015,
       volume = {29},
        month = aug,
          eid = {2257121},
        pages = {2257121},
       adsurl = {https://ui.adsabs.harvard.edu/abs/2015IAUGA..2257121P},
      adsnote = {Provided by the SAO/NASA Astrophysics Data System}
}


@ARTICLE{2015ApJ...807...12Yu,
       author = {{Yu}, Liang and {Nelson}, Kaylea and {Nagai}, Daisuke},
        title = "{The Influence of Mergers on Scatter and Evolution in Sunyaev-Zel'dovich Effect Scaling Relations}",
      journal = {\apj},
     keywords = {cosmology: theory, galaxies: clusters: general, galaxies: clusters: intracluster medium, Astrophysics - Cosmology and Nongalactic Astrophysics},
         year = 2015,
        month = jul,
       volume = {807},
       number = {1},
          eid = {12},
        pages = {12},
          doi = {10.1088/0004-637X/807/1/12},
archivePrefix = {arXiv},
       eprint = {1501.00317},
 primaryClass = {astro-ph.CO},
       adsurl = {https://ui.adsabs.harvard.edu/abs/2015ApJ...807...12Y},
      adsnote = {Provided by the SAO/NASA Astrophysics Data System}
}

@ARTICLE{2015MNRAS.449.2219Melchior,
       author = {{Melchior}, P. and {Suchyta}, E. and {Huff}, E. and {Hirsch}, M. and {Kacprzak}, T. and {Rykoff}, E. and {Gruen}, D. and {Armstrong}, R. and {Bacon}, D. and {Bechtol}, K. and {Bernstein}, G.~M. and {Bridle}, S. and {Clampitt}, J. and {Honscheid}, K. and {Jain}, B. and {Jouvel}, S. and {Krause}, E. and {Lin}, H. and {MacCrann}, N. and {Patton}, K. and {Plazas}, A. and {Rowe}, B. and {Vikram}, V. and {Wilcox}, H. and {Young}, J. and {Zuntz}, J. and {Abbott}, T. and {Abdalla}, F.~B. and {Allam}, S.~S. and {Banerji}, M. and {Bernstein}, J.~P. and {Bernstein}, R.~A. and {Bertin}, E. and {Buckley-Geer}, E. and {Burke}, D.~L. and {Castander}, F.~J. and {da Costa}, L.~N. and {Cunha}, C.~E. and {Depoy}, D.~L. and {Desai}, S. and {Diehl}, H.~T. and {Doel}, P. and {Estrada}, J. and {Evrard}, A.~E. and {Neto}, A. Fausti and {Fernandez}, E. and {Finley}, D.~A. and {Flaugher}, B. and {Frieman}, J.~A. and {Gaztanaga}, E. and {Gerdes}, D. and {Gruendl}, R.~A. and {Gutierrez}, G.~R. and {Jarvis}, M. and {Karliner}, I. and {Kent}, S. and {Kuehn}, K. and {Kuropatkin}, N. and {Lahav}, O. and {Maia}, M.~A.~G. and {Makler}, M. and {Marriner}, J. and {Marshall}, J.~L. and {Merritt}, K.~W. and {Miller}, C.~J. and {Miquel}, R. and {Mohr}, J. and {Neilsen}, E. and {Nichol}, R.~C. and {Nord}, B.~D. and {Reil}, K. and {Roe}, N.~A. and {Roodman}, A. and {Sako}, M. and {Sanchez}, E. and {Santiago}, B.~X. and {Schindler}, R. and {Schubnell}, M. and {Sevilla-Noarbe}, I. and {Sheldon}, E. and {Smith}, C. and {Soares-Santos}, M. and {Swanson}, M.~E.~C. and {Sypniewski}, A.~J. and {Tarle}, G. and {Thaler}, J. and {Thomas}, D. and {Tucker}, D.~L. and {Walker}, A. and {Wechsler}, R. and {Weller}, J. and {Wester}, W.},
        title = "{Mass and galaxy distributions of four massive galaxy clusters from Dark Energy Survey Science Verification data}",
      journal = {\mnras},
     keywords = {gravitational lensing: weak, galaxies: clusters: individual: RXC J2248.7-4431, galaxies: clusters: individual: 1E 0657-56, galaxies: clusters: individual: SCSO J233227-535827, galaxies: clusters: individual: Abell 3261, cosmology: observations, Astrophysics - Cosmology and Nongalactic Astrophysics, Astrophysics - Astrophysics of Galaxies},
         year = 2015,
        month = may,
       volume = {449},
       number = {3},
        pages = {2219-2238},
          doi = {10.1093/mnras/stv398},
archivePrefix = {arXiv},
       eprint = {1405.4285},
 primaryClass = {astro-ph.CO},
       adsurl = {https://ui.adsabs.harvard.edu/abs/2015MNRAS.449.2219M},
      adsnote = {Provided by the SAO/NASA Astrophysics Data System}
}
@ARTICLE{Balmes2014Sparsity,
       author = {{Balm{\`e}s}, I. and {Rasera}, Y. and {Corasaniti}, P. -S. and {Alimi}, J. -M.},
        title = "{Imprints of dark energy on cosmic structure formation - III. Sparsity of dark matter halo profiles}",
      journal = {\mnras},
     keywords = {dark matter, large-scale structure of Universe, Astrophysics - Cosmology and Extragalactic Astrophysics},
         year = 2014,
        month = jan,
       volume = {437},
       number = {3},
        pages = {2328-2339},
          doi = {10.1093/mnras/stt2050},
archivePrefix = {arXiv},
       eprint = {1307.2922},
 primaryClass = {astro-ph.CO},
       adsurl = {https://ui.adsabs.harvard.edu/abs/2014MNRAS.437.2328B},
      adsnote = {Provided by the SAO/NASA Astrophysics Data System}
}
@ARTICLE{Corasaniti2022Sparsity,
       author = {{Corasaniti}, P.~S. and {Le Brun}, A.~M.~C. and {Richardson}, T.~R.~G. and {Rasera}, Y. and {Ettori}, S. and {Arnaud}, M. and {Pratt}, G.~W.},
        title = "{Forecasting cosmological parameter constraints using multiple sparsity measurements as tracers of the mass profiles of dark matter haloes}",
      journal = {\mnras},
     keywords = {methods: numerical, galaxies: clusters: general, large-scale structure of Universe, Astrophysics - Cosmology and Nongalactic Astrophysics},
         year = 2022,
        month = oct,
       volume = {516},
       number = {1},
        pages = {437-452},
          doi = {10.1093/mnras/stac2196},
archivePrefix = {arXiv},
       eprint = {2204.06582},
 primaryClass = {astro-ph.CO},
       adsurl = {https://ui.adsabs.harvard.edu/abs/2022MNRAS.516..437C},
      adsnote = {Provided by the SAO/NASA Astrophysics Data System}
}



@ARTICLE{Nagai2007gNFW,
       author = {{Nagai}, Daisuke and {Kravtsov}, Andrey V. and {Vikhlinin}, Alexey},
        title = "{Effects of Galaxy Formation on Thermodynamics of the Intracluster Medium}",
      journal = {\apj},
     keywords = {Cosmology: Theory, Galaxies: Clusters: General, Methods: Numerical, Astrophysics},
         year = 2007,
        month = oct,
       volume = {668},
       number = {1},
        pages = {1-14},
          doi = {10.1086/521328},
archivePrefix = {arXiv},
       eprint = {astro-ph/0703661},
 primaryClass = {astro-ph},
       adsurl = {https://ui.adsabs.harvard.edu/abs/2007ApJ...668....1N},
      adsnote = {Provided by the SAO/NASA Astrophysics Data System}
}



@ARTICLE{2015ApJ...806....4Merten,
       author = {{Merten}, J. and {Meneghetti}, M. and {Postman}, M. and {Umetsu}, K. and {Zitrin}, A. and {Medezinski}, E. and {Nonino}, M. and {Koekemoer}, A. and {Melchior}, P. and {Gruen}, D. and {Moustakas}, L.~A. and {Bartelmann}, M. and {Host}, O. and {Donahue}, M. and {Coe}, D. and {Molino}, A. and {Jouvel}, S. and {Monna}, A. and {Seitz}, S. and {Czakon}, N. and {Lemze}, D. and {Sayers}, J. and {Balestra}, I. and {Rosati}, P. and {Ben{\'\i}tez}, N. and {Biviano}, A. and {Bouwens}, R. and {Bradley}, L. and {Broadhurst}, T. and {Carrasco}, M. and {Ford}, H. and {Grillo}, C. and {Infante}, L. and {Kelson}, D. and {Lahav}, O. and {Massey}, R. and {Moustakas}, J. and {Rasia}, E. and {Rhodes}, J. and {Vega}, J. and {Zheng}, W.},
        title = "{CLASH: The Concentration-Mass Relation of Galaxy Clusters}",
      journal = {\apj},
     keywords = {dark matter, galaxies: clusters: general, gravitational lensing: strong, gravitational lensing: weak, Astrophysics - Cosmology and Nongalactic Astrophysics, Astrophysics - Astrophysics of Galaxies},
         year = 2015,
        month = jun,
       volume = {806},
       number = {1},
          eid = {4},
        pages = {4},
          doi = {10.1088/0004-637X/806/1/4},
archivePrefix = {arXiv},
       eprint = {1404.1376},
 primaryClass = {astro-ph.CO},
       adsurl = {https://ui.adsabs.harvard.edu/abs/2015ApJ...806....4M},
      adsnote = {Provided by the SAO/NASA Astrophysics Data System}
}

@ARTICLE{Sartoris2016,
       author = {{Sartoris}, B. and {Biviano}, A. and {Fedeli}, C. and {Bartlett}, J.~G. and {Borgani}, S. and {Costanzi}, M. and {Giocoli}, C. and {Moscardini}, L. and {Weller}, J. and {Ascaso}, B. and {Bardelli}, S. and {Maurogordato}, S. and {Viana}, P.~T.~P.},
        title = "{Next generation cosmology: constraints from the Euclid galaxy cluster survey}",
      journal = {\mnras},
     keywords = {galaxies: clusters: general, cosmological parameters, cosmology: theory, dark energy, large-scale structure of Universe, Astrophysics - Cosmology and Nongalactic Astrophysics},
         year = 2016,
        month = jun,
       volume = {459},
       number = {2},
        pages = {1764-1780},
          doi = {10.1093/mnras/stw630},
archivePrefix = {arXiv},
       eprint = {1505.02165},
 primaryClass = {astro-ph.CO},
       adsurl = {https://ui.adsabs.harvard.edu/abs/2016MNRAS.459.1764S},
      adsnote = {Provided by the SAO/NASA Astrophysics Data System}
}



@ARTICLE{2016MNRAS.457.1522Applegate,
       author = {{Applegate}, D.~E. and {Mantz}, A. and {Allen}, S.~W. and {von der Linden}, A. and {Morris}, R. Glenn and {Hilbert}, S. and {Kelly}, Patrick L. and {Burke}, D.~L. and {Ebeling}, H. and {Rapetti}, D.~A. and {Schmidt}, R.~W.},
        title = "{Cosmology and astrophysics from relaxed galaxy clusters - IV. Robustly calibrating hydrostatic masses with weak lensing}",
      journal = {\mnras},
     keywords = {gravitational lensing: weak, galaxies: clusters: general, cosmology: observations, X-rays: galaxies: clusters, Astrophysics - Cosmology and Nongalactic Astrophysics},
         year = 2016,
        month = apr,
       volume = {457},
       number = {2},
        pages = {1522-1534},
          doi = {10.1093/mnras/stw005},
archivePrefix = {arXiv},
       eprint = {1509.02162},
 primaryClass = {astro-ph.CO},
       adsurl = {https://ui.adsabs.harvard.edu/abs/2016MNRAS.457.1522A},
      adsnote = {Provided by the SAO/NASA Astrophysics Data System}
}


@ARTICLE{2016JCAP...01..042Sereno,
       author = {{Sereno}, Mauro and {Fedeli}, Cosimo and {Moscardini}, Lauro},
        title = "{Comparison of weak lensing by NFW and Einasto halos and systematic errors}",
      journal = {\jcap},
     keywords = {Astrophysics - Cosmology and Nongalactic Astrophysics},
         year = 2016,
        month = jan,
       volume = {2016},
       number = {1},
        pages = {042-042},
          doi = {10.1088/1475-7516/2016/01/042},
archivePrefix = {arXiv},
       eprint = {1504.05183},
 primaryClass = {astro-ph.CO},
       adsurl = {https://ui.adsabs.harvard.edu/abs/2016JCAP...01..042S},
      adsnote = {Provided by the SAO/NASA Astrophysics Data System}
}



@ARTICLE{2016ApJ...820..108Heitmann,
       author = {{Heitmann}, Katrin and {Bingham}, Derek and {Lawrence}, Earl and {Bergner}, Steven and {Habib}, Salman and {Higdon}, David and {Pope}, Adrian and {Biswas}, Rahul and {Finkel}, Hal and {Frontiere}, Nicholas and {Bhattacharya}, Suman},
        title = "{The Mira-Titan Universe: Precision Predictions for Dark Energy Surveys}",
      journal = {\apj},
     keywords = {large-scale structure of universe, methods: statistical, Astrophysics - Cosmology and Nongalactic Astrophysics},
         year = 2016,
        month = apr,
       volume = {820},
       number = {2},
          eid = {108},
        pages = {108},
          doi = {10.3847/0004-637X/820/2/108},
archivePrefix = {arXiv},
       eprint = {1508.02654},
 primaryClass = {astro-ph.CO},
       adsurl = {https://ui.adsabs.harvard.edu/abs/2016ApJ...820..108H},
      adsnote = {Provided by the SAO/NASA Astrophysics Data System}
}



@ARTICLE{2016A&C....14...35Marulli,
       author = {{Marulli}, F. and {Veropalumbo}, A. and {Moresco}, M.},
        title = "{CosmoBolognaLib: C++ libraries for cosmological calculations}",
      journal = {Astronomy and Computing},
     keywords = {Cosmology: theory, Cosmology: observations, Cosmology: large-scale structure of Universe, Methods: numerical, Methods: statistical, Astrophysics - Cosmology and Nongalactic Astrophysics},
         year = 2016,
        month = jan,
       volume = {14},
        pages = {35-42},
          doi = {10.1016/j.ascom.2016.01.005},
archivePrefix = {arXiv},
       eprint = {1511.00012},
 primaryClass = {astro-ph.CO},
       adsurl = {https://ui.adsabs.harvard.edu/abs/2016A&C....14...35M},
      adsnote = {Provided by the SAO/NASA Astrophysics Data System}
}


@ARTICLE{2016MNRAS.461.4182Maughan,
       author = {{Maughan}, Ben J. and {Giles}, Paul A. and {Rines}, Kenneth J. and {Diaferio}, Antonaldo and {Geller}, Margaret J. and {Van Der Pyl}, Nina and {Bonamente}, Massimiliano},
        title = "{Hydrostatic and caustic mass profiles of galaxy clusters}",
      journal = {\mnras},
     keywords = {galaxies: clusters: general, galaxies: kinematics and dynamics, cosmology: observations, X-rays: galaxies: clusters, Astrophysics - Cosmology and Nongalactic Astrophysics},
         year = 2016,
        month = oct,
       volume = {461},
       number = {4},
        pages = {4182-4191},
          doi = {10.1093/mnras/stw1610},
archivePrefix = {arXiv},
       eprint = {1511.07872},
 primaryClass = {astro-ph.CO},
       adsurl = {https://ui.adsabs.harvard.edu/abs/2016MNRAS.461.4182M},
      adsnote = {Provided by the SAO/NASA Astrophysics Data System}
}


@ARTICLE{2016MNRAS.455.2110Beck,
   author = {{Beck}, A.~M. and {Murante}, G. and {Arth}, A. and {Remus}, R.-S. and 
	{Teklu}, A.~F. and {Donnert}, J.~M.~F. and {Planelles}, S. and 
	{Beck}, M.~C. and {F{\"o}rster}, P. and {Imgrund}, M. and {Dolag}, K. and 
	{Borgani}, S.},
    title = "{An improved SPH scheme for cosmological simulations}",
  journal = {\mnras},
archivePrefix = "arXiv",
   eprint = {1502.07358},
 keywords = {hydrodynamics, methods: numerical},
     year = 2016,
    month = jan,
   volume = 455,
    pages = {2110-2130},
      doi = {10.1093/mnras/stv2443},
   adsurl = {http://adsabs.harvard.edu/abs/2016MNRAS.455.2110B},
  adsnote = {Provided by the SAO/NASA Astrophysics Data System}
}
@ARTICLE{2015MNRAS.451.4277Dolag,
       author = {{Dolag}, K. and {Gaensler}, B.~M. and {Beck}, A.~M. and {Beck}, M.~C.},
        title = "{Constraints on the distribution and energetics of fast radio bursts using cosmological hydrodynamic simulations}",
      journal = {\mnras},
     keywords = {hydrodynamics, methods: numerical, intergalactic medium, large-scale structure of Universe, radio continuum: general, Astrophysics - Cosmology and Nongalactic Astrophysics, Astrophysics - High Energy Astrophysical Phenomena},
         year = 2015,
        month = aug,
       volume = {451},
       number = {4},
        pages = {4277-4289},
          doi = {10.1093/mnras/stv1190},
archivePrefix = {arXiv},
       eprint = {1412.4829},
 primaryClass = {astro-ph.CO},
       adsurl = {https://ui.adsabs.harvard.edu/abs/2015MNRAS.451.4277D},
      adsnote = {Provided by the SAO/NASA Astrophysics Data System}
}


@ARTICLE{2015MNRAS.448.1504Steinborn,
       author = {{Steinborn}, Lisa K. and {Dolag}, Klaus and {Hirschmann}, Michaela and {Prieto}, M. Almudena and {Remus}, Rhea-Silvia},
        title = "{A refined sub-grid model for black hole accretion and AGN feedback in large cosmological simulations}",
      journal = {\mnras},
     keywords = {black hole physics, methods: numerical, galaxies: active, galaxies: evolution, galaxies: nuclei, quasars: supermassive black holes, Astrophysics - Astrophysics of Galaxies},
         year = 2015,
        month = apr,
       volume = {448},
       number = {2},
        pages = {1504-1525},
          doi = {10.1093/mnras/stv072},
archivePrefix = {arXiv},
       eprint = {1409.3221},
 primaryClass = {astro-ph.GA},
       adsurl = {https://ui.adsabs.harvard.edu/abs/2015MNRAS.448.1504S},
      adsnote = {Provided by the SAO/NASA Astrophysics Data System}
}

@ARTICLE{2015ApJ...812...29Teklu,
       author = {{Teklu}, Adelheid F. and {Remus}, Rhea-Silvia and {Dolag}, Klaus and {Beck}, Alexander M. and {Burkert}, Andreas and {Schmidt}, Andreas S. and {Schulze}, Felix and {Steinborn}, Lisa K.},
        title = "{Connecting Angular Momentum and Galactic Dynamics: The Complex Interplay between Spin, Mass, and Morphology}",
      journal = {\apj},
     keywords = {dark matter, galaxies: evolution, galaxies: formation, galaxies: halos, hydrodynamics, methods: numerical, Astrophysics - Astrophysics of Galaxies},
         year = 2015,
        month = oct,
       volume = {812},
       number = {1},
          eid = {29},
        pages = {29},
          doi = {10.1088/0004-637X/812/1/29},
archivePrefix = {arXiv},
       eprint = {1503.03501},
 primaryClass = {astro-ph.GA},
       adsurl = {https://ui.adsabs.harvard.edu/abs/2015ApJ...812...29T},
      adsnote = {Provided by the SAO/NASA Astrophysics Data System}
}

@ARTICLE{2016MNRAS.458.1013Steinborn,
       author = {{Steinborn}, Lisa K. and {Dolag}, Klaus and {Comerford}, Julia M. and {Hirschmann}, Michaela and {Remus}, Rhea-Silvia and {Teklu}, Adelheid F.},
        title = "{Origin and properties of dual and offset active galactic nuclei in a cosmological simulation at z=2}",
      journal = {\mnras},
     keywords = {methods: numerical, galaxies: active, galaxies: evolution, galaxies: interactions, galaxies: nuclei, quasars: supermassive black holes, Astrophysics - Astrophysics of Galaxies},
         year = 2016,
        month = may,
       volume = {458},
       number = {1},
        pages = {1013-1028},
          doi = {10.1093/mnras/stw316},
archivePrefix = {arXiv},
       eprint = {1510.08465},
 primaryClass = {astro-ph.GA},
       adsurl = {https://ui.adsabs.harvard.edu/abs/2016MNRAS.458.1013S},
      adsnote = {Provided by the SAO/NASA Astrophysics Data System}
}


@ARTICLE{2016A&A...593A...2Andreon,
       author = {{Andreon}, S. and {Dong}, Hui and {Raichoor}, A.},
        title = "{Size growth of red-sequence early-type galaxies in clusters in the last 10 Gyr}",
      journal = {\aap},
     keywords = {galaxies: clusters: general, galaxies: elliptical and lenticular, cD, galaxies: evolution, Astrophysics - Astrophysics of Galaxies, Astrophysics - Cosmology and Nongalactic Astrophysics},
         year = 2016,
        month = aug,
       volume = {593},
          eid = {A2},
        pages = {A2},
          doi = {10.1051/0004-6361/201628442},
archivePrefix = {arXiv},
       eprint = {1606.03996},
 primaryClass = {astro-ph.GA},
       adsurl = {https://ui.adsabs.harvard.edu/abs/2016A&A...593A...2A},
      adsnote = {Provided by the SAO/NASA Astrophysics Data System}
}

@ARTICLE{2016MNRAS.456.2361Bocquet,
       author = {{Bocquet}, Sebastian and {Saro}, Alex and {Dolag}, Klaus and {Mohr}, Joseph J.},
        title = "{Halo mass function: baryon impact, fitting formulae, and implications for cluster cosmology}",
      journal = {\mnras},
     keywords = {methods: numerical, galaxies: clusters: general, cosmological parameters, cosmology: theory, dark matter, large-scale structure of Universe, Astrophysics - Cosmology and Nongalactic Astrophysics},
         year = 2016,
        month = mar,
       volume = {456},
       number = {3},
        pages = {2361-2373},
          doi = {10.1093/mnras/stv2657},
archivePrefix = {arXiv},
       eprint = {1502.07357},
 primaryClass = {astro-ph.CO},
       adsurl = {https://ui.adsabs.harvard.edu/abs/2016MNRAS.456.2361B},
      adsnote = {Provided by the SAO/NASA Astrophysics Data System}
}


@ARTICLE{2016MNRAS.463.1797Dolag,
       author = {{Dolag}, K. and {Komatsu}, E. and {Sunyaev}, R.},
        title = "{SZ effects in the Magneticum Pathfinder simulation: comparison with the Planck, SPT, and ACT results}",
      journal = {\mnras},
     keywords = {hydrodynamics, methods: numerical, galaxies: clusters: general, cosmic background radiation, cosmology: theory, Astrophysics - Cosmology and Nongalactic Astrophysics, Astrophysics - High Energy Astrophysical Phenomena},
         year = 2016,
        month = dec,
       volume = {463},
       number = {2},
        pages = {1797-1811},
          doi = {10.1093/mnras/stw2035},
archivePrefix = {arXiv},
       eprint = {1509.05134},
 primaryClass = {astro-ph.CO},
       adsurl = {https://ui.adsabs.harvard.edu/abs/2016MNRAS.463.1797D},
      adsnote = {Provided by the SAO/NASA Astrophysics Data System}
}


@INPROCEEDINGS{2016pcre.conf..411Ragagnin,
   author = {{Ragagnin}, A. and {Tchipev}, N. and {Bader}, M. and {Dolag}, K. and 
	{Hammer}, N.~J.},
    title = "{Exploiting the Space Filling Curve Ordering of Particles in the Neighbour Search of Gadget3}",
booktitle = {Advances in Parallel Computing, Volume 27: Parallel Computing: On the Road to Exascale, Edited by Gerhard R. Joubert, Hugh Leather, Mark Parsons, Frans Peters, Mark Sawyer.  IOP Ebook, ISBN: 978-1-61499-621-7, pages 411-420},
     year = 2016,
archivePrefix = "arXiv",
   eprint = {1810.09898},
 primaryClass = "astro-ph.IM",
    month = may,
      doi = {10.3233/978-1-61499-621-7-411},
   adsurl = {http://adsabs.harvard.edu/abs/2016pcre.conf..411R},
  adsnote = {Provided by the SAO/NASA Astrophysics Data System}
}

@ARTICLE{2017MNRAS.468.1917Rossetti,
       author = {{Rossetti}, M. and {Gastaldello}, F. and {Eckert}, D. and {Della Torre}, M. and {Pantiri}, G. and {Cazzoletti}, P. and {Molendi}, S.},
        title = "{The cool-core state of Planck SZ-selected clusters versus X-ray-selected samples: evidence for cool-core bias}",
      journal = {\mnras},
     keywords = {galaxies: clusters: general, galaxies: clusters: intracluster medium, Astrophysics - Cosmology and Nongalactic Astrophysics},
         year = 2017,
        month = jun,
       volume = {468},
       number = {2},
        pages = {1917-1930},
          doi = {10.1093/mnras/stx493},
archivePrefix = {arXiv},
       eprint = {1702.06961},
 primaryClass = {astro-ph.CO},
       adsurl = {https://ui.adsabs.harvard.edu/abs/2017MNRAS.468.1917R},
      adsnote = {Provided by the SAO/NASA Astrophysics Data System}
}

@ARTICLE{2017A&A...606A..25Andreon,
       author = {{Andreon}, S. and {Trinchieri}, G. and {Moretti}, A. and {Wang}, J.},
        title = "{Intrinsic scatter of caustic masses and hydrostatic bias: An observational study}",
      journal = {\aap},
     keywords = {galaxies: clusters: general, galaxies: clusters: intracluster medium, X-rays: galaxies: clusters, methods: statistical, Astrophysics - Cosmology and Nongalactic Astrophysics, Astrophysics - Instrumentation and Methods for Astrophysics},
         year = 2017,
        month = oct,
       volume = {606},
          eid = {A25},
        pages = {A25},
          doi = {10.1051/0004-6361/201730920},
archivePrefix = {arXiv},
       eprint = {1706.08353},
 primaryClass = {astro-ph.CO},
       adsurl = {https://ui.adsabs.harvard.edu/abs/2017A&A...606A..25A},
      adsnote = {Provided by the SAO/NASA Astrophysics Data System}
}



@ARTICLE{2017A&A...606A..24Andreon,
       author = {{Andreon}, S. and {Wang}, J. and {Trinchieri}, G. and {Moretti}, A. and {Serra}, A.~L.},
        title = "{Variegate galaxy cluster gas content: Mean fraction, scatter, selection effects, and covariance with X-ray luminosity}",
      journal = {\aap},
     keywords = {galaxies: clusters: intracluster medium, X-rays: galaxies: clusters, galaxies: clusters: general, methods: statistical, Astrophysics - Cosmology and Nongalactic Astrophysics},
         year = 2017,
        month = oct,
       volume = {606},
          eid = {A24},
        pages = {A24},
          doi = {10.1051/0004-6361/201730722},
archivePrefix = {arXiv},
       eprint = {1706.08356},
 primaryClass = {astro-ph.CO},
       adsurl = {https://ui.adsabs.harvard.edu/abs/2017A&A...606A..24A},
      adsnote = {Provided by the SAO/NASA Astrophysics Data System}
}
@ARTICLE{2017MNRAS.465.2381Matthee,
       author = {{Matthee}, Jorryt and {Schaye}, Joop and {Crain}, Robert A. and {Schaller}, Matthieu and {Bower}, Richard and {Theuns}, Tom},
        title = "{The origin of scatter in the stellar mass-halo mass relation of central galaxies in the EAGLE simulation}",
      journal = {\mnras},
     keywords = {galaxies: evolution, galaxies: formation, galaxies: haloes, cosmology: theory, Astrophysics - Astrophysics of Galaxies, Astrophysics - Cosmology and Nongalactic Astrophysics},
         year = 2017,
        month = feb,
       volume = {465},
       number = {2},
        pages = {2381-2396},
          doi = {10.1093/mnras/stw2884},
archivePrefix = {arXiv},
       eprint = {1608.08218},
 primaryClass = {astro-ph.GA},
       adsurl = {https://ui.adsabs.harvard.edu/abs/2017MNRAS.465.2381M},
      adsnote = {Provided by the SAO/NASA Astrophysics Data System}
}



@ARTICLE{2017A&C....20...52Ragagnin,
       author = {{Ragagnin}, A. and {Dolag}, K. and {Biffi}, V. and {Cadolle Bel}, M. and {Hammer}, N.~J. and {Krukau}, A. and {Petkova}, M. and {Steinborn}, D.},
        title = "{A web portal for hydrodynamical, cosmological simulations}",
      journal = {Astronomy and Computing},
     keywords = {Cosmology, Galaxy clusters, Online tools, Web application, Cloud computing, Astrophysics - Instrumentation and Methods for Astrophysics, Astrophysics - Cosmology and Nongalactic Astrophysics},
         year = 2017,
        month = jul,
       volume = {20},
        pages = {52-67},
          doi = {10.1016/j.ascom.2017.05.001},
archivePrefix = {arXiv},
       eprint = {1612.06380},
 primaryClass = {astro-ph.IM},
       adsurl = {https://ui.adsabs.harvard.edu/abs/2017A&C....20...52R},
      adsnote = {Provided by the SAO/NASA Astrophysics Data System}
}

@ARTICLE{2018ApJS..239...35Diemer,
       author = {{Diemer}, Benedikt},
        title = "{COLOSSUS: A Python Toolkit for Cosmology, Large-scale Structure, and Dark Matter Halos}",
      journal = {\apjs},
     keywords = {cosmology: theory, methods: numerical, Astrophysics - Cosmology and Nongalactic Astrophysics, Astrophysics - Instrumentation and Methods for Astrophysics},
         year = 2018,
        month = dec,
       volume = {239},
       number = {2},
          eid = {35},
        pages = {35},
          doi = {10.3847/1538-4365/aaee8c},
archivePrefix = {arXiv},
       eprint = {1712.04512},
 primaryClass = {astro-ph.CO},
       adsurl = {https://ui.adsabs.harvard.edu/abs/2018ApJS..239...35D},
      adsnote = {Provided by the SAO/NASA Astrophysics Data System}
}


@ARTICLE{2018MNRAS.473.3072Mantz,
       author = {{Mantz}, Adam B. and {Allen}, Steven W. and {Morris}, R. Glenn and {von der Linden}, Anja},
        title = "{Centre-excised X-ray luminosity as an efficient mass proxy for future galaxy cluster surveys}",
      journal = {\mnras},
     keywords = {galaxies: clusters: intracluster medium, X-rays: galaxies: clusters, Astrophysics - Cosmology and Nongalactic Astrophysics},
         year = 2018,
        month = jan,
       volume = {473},
       number = {3},
        pages = {3072-3079},
          doi = {10.1093/mnras/stx2554},
archivePrefix = {arXiv},
       eprint = {1705.09329},
 primaryClass = {astro-ph.CO},
       adsurl = {https://ui.adsabs.harvard.edu/abs/2018MNRAS.473.3072M},
      adsnote = {Provided by the SAO/NASA Astrophysics Data System}
}



@ARTICLE{2018ARA&A..56..435Wechsler,
       author = {{Wechsler}, Risa H. and {Tinker}, Jeremy L.},
        title = "{The Connection Between Galaxies and Their Dark Matter Halos}",
      journal = {\araa},
     keywords = {Astrophysics - Astrophysics of Galaxies, Astrophysics - Cosmology and Nongalactic Astrophysics},
         year = 2018,
        month = sep,
       volume = {56},
        pages = {435-487},
          doi = {10.1146/annurev-astro-081817-051756},
archivePrefix = {arXiv},
       eprint = {1804.03097},
 primaryClass = {astro-ph.GA},
       adsurl = {https://ui.adsabs.harvard.edu/abs/2018ARA&A..56..435W},
      adsnote = {Provided by the SAO/NASA Astrophysics Data System}
}


@ARTICLE{2018MNRAS.474.4089Truong,
       author = {{Truong}, N. and {Rasia}, E. and {Mazzotta}, P. and {Planelles}, S. and {Biffi}, V. and {Fabjan}, D. and {Beck}, A.~M. and {Borgani}, S. and {Dolag}, K. and {Gaspari}, M. and {Granato}, G.~L. and {Murante}, G. and {Ragone-Figueroa}, C. and {Steinborn}, L.~K.},
        title = "{Cosmological hydrodynamical simulations of galaxy clusters: X-ray scaling relations and their evolution}",
      journal = {\mnras},
     keywords = {methods: numerical, galaxies: clusters: general, galaxies: clusters: intracluster medium, X-rays: galaxies: clusters, Astrophysics - Cosmology and Nongalactic Astrophysics},
         year = 2018,
        month = mar,
       volume = {474},
       number = {3},
        pages = {4089-4111},
          doi = {10.1093/mnras/stx2927},
archivePrefix = {arXiv},
       eprint = {1607.00019},
 primaryClass = {astro-ph.CO},
       adsurl = {https://ui.adsabs.harvard.edu/abs/2018MNRAS.474.4089T},
      adsnote = {Provided by the SAO/NASA Astrophysics Data System}
}

@ARTICLE{2018A&A...619A.162Xu,
       author = {{Xu}, Weiwei and {Ramos-Ceja}, Miriam E. and {Pacaud}, Florian and {Reiprich}, Thomas H. and {Erben}, Thomas},
        title = "{A new X-ray-selected sample of very extended galaxy groups from the ROSAT All-Sky Survey}",
      journal = {\aap},
     keywords = {galaxies: clusters: general, galaxies: groups: general, galaxies: clusters: intracluster medium, large-scale structure of Universe, X-rays: galaxies: clusters, Astrophysics - Cosmology and Nongalactic Astrophysics, Astrophysics - Astrophysics of Galaxies},
         year = 2018,
        month = nov,
       volume = {619},
          eid = {A162},
        pages = {A162},
          doi = {10.1051/0004-6361/201833062},
archivePrefix = {arXiv},
       eprint = {1809.02982},
 primaryClass = {astro-ph.CO},
       adsurl = {https://ui.adsabs.harvard.edu/abs/2018A&A...619A.162X},
      adsnote = {Provided by the SAO/NASA Astrophysics Data System}
}


@ARTICLE{2018ApJ...867...12Rettura,
       author = {{Rettura}, A. and {Chary}, R. and {Krick}, J. and {Ettori}, S.},
        title = "{Mass-Richness Relations for X-Ray and SZE-selected Clusters at 0.4 < z < 2.0 as Seen by Spitzer at 4.5 {\ensuremath{\mu}}m}",
      journal = {\apj},
     keywords = {cosmology: observations, galaxies: clusters: general, galaxies: high-redshift, galaxies: statistics, infrared: galaxies, large-scale structure of universe, Astrophysics - Cosmology and Nongalactic Astrophysics, Astrophysics - Astrophysics of Galaxies},
         year = 2018,
        month = nov,
       volume = {867},
       number = {1},
          eid = {12},
        pages = {12},
          doi = {10.3847/1538-4357/aad818},
archivePrefix = {arXiv},
       eprint = {1705.00037},
 primaryClass = {astro-ph.CO},
       adsurl = {https://ui.adsabs.harvard.edu/abs/2018ApJ...867...12R},
      adsnote = {Provided by the SAO/NASA Astrophysics Data System}
}

@ARTICLE{2019A&A...627A..23EuclidCollaboration,
       author = {{Euclid Collaboration} and {Adam}, R. and {Vannier}, M. and {Maurogordato}, S. and {Biviano}, A. and {Adami}, C. and {Ascaso}, B. and {Bellagamba}, F. and {Benoist}, C. and {Cappi}, A. and {D{\'\i}az-S{\'a}nchez}, A. and {Durret}, F. and {Farrens}, S. and {Gonzalez}, A.~H. and {Iovino}, A. and {Licitra}, R. and {Maturi}, M. and {Mei}, S. and {Merson}, A. and {Munari}, E. and {Pell{\'o}}, R. and {Ricci}, M. and {Rocci}, P.~F. and {Roncarelli}, M. and {Sarron}, F. and {Amoura}, Y. and {Andreon}, S. and {Apostolakos}, N. and {Arnaud}, M. and {Bardelli}, S. and {Bartlett}, J. and {Baugh}, C.~M. and {Borgani}, S. and {Brodwin}, M. and {Castander}, F. and {Castignani}, G. and {Cucciati}, O. and {De Lucia}, G. and {Dubath}, P. and {Fosalba}, P. and {Giocoli}, C. and {Hoekstra}, H. and {Mamon}, G.~A. and {Melin}, J.~B. and {Moscardini}, L. and {Paltani}, S. and {Radovich}, M. and {Sartoris}, B. and {Schultheis}, M. and {Sereno}, M. and {Weller}, J. and {Burigana}, C. and {Carvalho}, C.~S. and {Corcione}, L. and {Kurki-Suonio}, H. and {Lilje}, P.~B. and {Sirri}, G. and {Toledo-Moreo}, R. and {Zamorani}, G.},
        title = "{Euclid preparation. III. Galaxy cluster detection in the wide photometric survey, performance and algorithm selection}",
      journal = {\aap},
     keywords = {methods: numerical, galaxies: clusters: general, cosmology: observations, large-scale structure of Universe, Astrophysics - Cosmology and Nongalactic Astrophysics},
         year = 2019,
        month = jul,
       volume = {627},
          eid = {A23},
        pages = {A23},
          doi = {10.1051/0004-6361/201935088},
archivePrefix = {arXiv},
       eprint = {1906.04707},
 primaryClass = {astro-ph.CO},
       adsurl = {https://ui.adsabs.harvard.edu/abs/2019A&A...627A..23E},
      adsnote = {Provided by the SAO/NASA Astrophysics Data System}
}



@ARTICLE{2019MNRAS.484..869VanDeSande,
   author = {{van de Sande}, J. and {Lagos}, C.~D.~P. and {Welker}, C. and 
	{Bland-Hawthorn}, J. and {Schulze}, F. and {Remus}, R.-S. and 
	{Bah{\'e}}, Y. and {Brough}, S. and {Bryant}, J.~J. and {Cortese}, L. and 
	{Croom}, S.~M. and {Devriendt}, J. and {Dubois}, Y. and {Goodwin}, M. and 
	{Konstantopoulos}, I.~S. and {Lawrence}, J.~S. and {Medling}, A.~M. and 
	{Pichon}, C. and {Richards}, S.~N. and {Sanchez}, S.~F. and 
	{Scott}, N. and {Sweet}, S.~M.},
    title = "{The SAMI Galaxy Survey: comparing 3D spectroscopic observations with galaxies from cosmological hydrodynamical simulations}",
  journal = {\mnras},
archivePrefix = "arXiv",
   eprint = {1810.10542},
 keywords = {galaxies: evolution, galaxies: formation, galaxies: kinematics and dynamics, galaxies: stellar content, galaxies: structure, cosmology: observations},
     year = 2019,
    month = mar,
   volume = 484,
    pages = {869-891},
      doi = {10.1093/mnras/sty3506},
   adsurl = {http://adsabs.harvard.edu/abs/2019MNRAS.484..869V},
  adsnote = {Provided by the SAO/NASA Astrophysics Data System}
}


@ARTICLE{2019MNRAS.488.4779Costanzi,
       author = {{Costanzi}, M. and {Rozo}, E. and {Simet}, M. and {Zhang}, Y. and
         {Evrard}, A.~E. and {Mantz}, A. and {Rykoff}, E.~S. and {Jeltema}, T. and
         {Gruen}, D. and {Allen}, S. and {McClintock}, T. and {Romer}, A.~K. and
         {von der Linden}, A. and {Farahi}, A. and {DeRose}, J. and
         {Varga}, T.~N. and {Weller}, J. and {Giles}, P. and {Hollowood}, D.~L. and
         {Bhargava}, S. and {Bermeo-Hernandez}, A. and {Chen}, X. and
         {Abbott}, T.~M.~C. and {Abdalla}, F.~B. and {Avila}, S. and
         {Bechtol}, K. and {Brooks}, D. and {Buckley-Geer}, E. and
         {Burke}, D.~L. and {Rosell}, A. Carnero and {Kind}, M. Carrasco and
         {Carretero}, J. and {Crocce}, M. and {Cunha}, C.~E. and
         {da Costa}, L.~N. and {Davis}, C. and {De Vicente}, J. and
         {Diehl}, H.~T. and {Dietrich}, J.~P. and {Doel}, P. and
         {Eifler}, T.~F. and {Estrada}, J. and {Flaugher}, B. and {Fosalba}, P. and
         {Frieman}, J. and {Garc{\'\i}a-Bellido}, J. and {Gaztanaga}, E. and
         {Gerdes}, D.~W. and {Giannantonio}, T. and {Gruendl}, R.~A. and
         {Gschwend}, J. and {Gutierrez}, G. and {Hartley}, W.~G. and
         {Honscheid}, K. and {Hoyle}, B. and {James}, D.~J. and {Krause}, E. and
         {Kuehn}, K. and {Kuropatkin}, N. and {Lima}, M. and {Lin}, H. and
         {Maia}, M.~A.~G. and {March}, M. and {Marshall}, J.~L. and
         {Martini}, P. and {Menanteau}, F. and {Miller}, C.~J. and {Miquel}, R. and
         {Mohr}, J.~J. and {Ogando}, R.~L.~C. and {Plazas}, A.~A. and
         {Roodman}, A. and {Sanchez}, E. and {Scarpine}, V. and {Schindler}, R. and
         {Schubnell}, M. and {Serrano}, S. and {Sevilla-Noarbe}, I. and
         {Sheldon}, E. and {Smith}, M. and {Soares-Santos}, M. and
         {Sobreira}, F. and {Suchyta}, E. and {Swanson}, M.~E.~C. and
         {Tarle}, G. and {Thomas}, D. and {Wechsler}, R.~H.},
        title = "{Methods for cluster cosmology and application to the SDSS in preparation for DES Year 1 release}",
      journal = {\mnras},
     keywords = {galaxies: clusters: general, cosmological parameters, large-scale structure of Universe, Astrophysics - Cosmology and Nongalactic Astrophysics},
         year = 2019,
        month = oct,
       volume = {488},
       number = {4},
        pages = {4779-4800},
          doi = {10.1093/mnras/stz1949},
archivePrefix = {arXiv},
       eprint = {1810.09456},
 primaryClass = {astro-ph.CO},
       adsurl = {https://ui.adsabs.harvard.edu/abs/2019MNRAS.488.4779C},
      adsnote = {Provided by the SAO/NASA Astrophysics Data System}
}


@ARTICLE{2019MNRAS.490.5693Bose,
       author = {{Bose}, Sownak and {Eisenstein}, Daniel J. and {Hernquist}, Lars and {Pillepich}, Annalisa and {Nelson}, Dylan and {Marinacci}, Federico and {Springel}, Volker and {Vogelsberger}, Mark},
        title = "{Revealing the galaxy-halo connection in IllustrisTNG}",
      journal = {\mnras},
     keywords = {methods: numerical, galaxies: haloes, cosmology: theory, large-scale structure of Universe, Astrophysics - Cosmology and Nongalactic Astrophysics, Astrophysics - Astrophysics of Galaxies},
         year = 2019,
        month = dec,
       volume = {490},
       number = {4},
        pages = {5693-5711},
          doi = {10.1093/mnras/stz2546},
archivePrefix = {arXiv},
       eprint = {1905.08799},
 primaryClass = {astro-ph.CO},
       adsurl = {https://ui.adsabs.harvard.edu/abs/2019MNRAS.490.5693B},
      adsnote = {Provided by the SAO/NASA Astrophysics Data System}
}

@ARTICLE{2019MNRAS.486.4001Ragagnin,
       author = {{Ragagnin}, Antonio and {Dolag}, Klaus and {Moscardini}, Lauro and {Biviano}, Andrea and {D'Onofrio}, Mauro},
        title = "{Dependency of halo concentration on mass, redshift and fossilness in Magneticum hydrodynamic simulations}",
      journal = {\mnras},
     keywords = {methods: numerical, galaxies: haloes, cosmology: dark matter, Astrophysics - Cosmology and Nongalactic Astrophysics},
         year = 2019,
        month = jul,
       volume = {486},
       number = {3},
        pages = {4001-4012},
          doi = {10.1093/mnras/stz1103},
archivePrefix = {arXiv},
       eprint = {1810.08212},
 primaryClass = {astro-ph.CO},
       adsurl = {https://ui.adsabs.harvard.edu/abs/2019MNRAS.486.4001R},
      adsnote = {Provided by the SAO/NASA Astrophysics Data System}
}
@ARTICLE{2019NatCo..10.2504Farahi,
       author = {{Farahi}, Arya and {Mulroy}, Sarah L. and {Evrard}, August E. and {Smith}, Graham P. and {Finoguenov}, Alexis and {Bourdin}, Herv{\'e} and {Carlstrom}, John E. and {Haines}, Chris P. and {Marrone}, Daniel P. and {Martino}, Rossella and {Mazzotta}, Pasquale and {O'Donnell}, Christine and {Okabe}, Nobuhiro},
        title = "{Detection of anti-correlation of hot and cold baryons in galaxy clusters}",
      journal = {Nature Communications},
     keywords = {Astrophysics - Cosmology and Nongalactic Astrophysics, Astrophysics - Astrophysics of Galaxies},
         year = 2019,
        month = jul,
       volume = {10},
          eid = {2504},
        pages = {2504},
          doi = {10.1038/s41467-019-10471-y},
archivePrefix = {arXiv},
       eprint = {1907.02502},
 primaryClass = {astro-ph.CO},
       adsurl = {https://ui.adsabs.harvard.edu/abs/2019NatCo..10.2504F},
      adsnote = {Provided by the SAO/NASA Astrophysics Data System}
}

@ARTICLE{2019ApJ...878...55Bocquet,
       author = {{Bocquet}, S. and {Dietrich}, J.~P. and {Schrabback}, T. and {Bleem}, L.~E. and {Klein}, M. and {Allen}, S.~W. and {Applegate}, D.~E. and {Ashby}, M.~L.~N. and {Bautz}, M. and {Bayliss}, M. and {Benson}, B.~A. and {Brodwin}, M. and {Bulbul}, E. and {Canning}, R.~E.~A. and {Capasso}, R. and {Carlstrom}, J.~E. and {Chang}, C.~L. and {Chiu}, I. and {Cho}, H. -M. and {Clocchiatti}, A. and {Crawford}, T.~M. and {Crites}, A.~T. and {de Haan}, T. and {Desai}, S. and {Dobbs}, M.~A. and {Foley}, R.~J. and {Forman}, W.~R. and {Garmire}, G.~P. and {George}, E.~M. and {Gladders}, M.~D. and {Gonzalez}, A.~H. and {Grandis}, S. and {Gupta}, N. and {Halverson}, N.~W. and {Hlavacek-Larrondo}, J. and {Hoekstra}, H. and {Holder}, G.~P. and {Holzapfel}, W.~L. and {Hou}, Z. and {Hrubes}, J.~D. and {Huang}, N. and {Jones}, C. and {Khullar}, G. and {Knox}, L. and {Kraft}, R. and {Lee}, A.~T. and {von der Linden}, A. and {Luong-Van}, D. and {Mantz}, A. and {Marrone}, D.~P. and {McDonald}, M. and {McMahon}, J.~J. and {Meyer}, S.~S. and {Mocanu}, L.~M. and {Mohr}, J.~J. and {Morris}, R.~G. and {Padin}, S. and {Patil}, S. and {Pryke}, C. and {Rapetti}, D. and {Reichardt}, C.~L. and {Rest}, A. and {Ruhl}, J.~E. and {Saliwanchik}, B.~R. and {Saro}, A. and {Sayre}, J.~T. and {Schaffer}, K.~K. and {Shirokoff}, E. and {Stalder}, B. and {Stanford}, S.~A. and {Staniszewski}, Z. and {Stark}, A.~A. and {Story}, K.~T. and {Strazzullo}, V. and {Stubbs}, C.~W. and {Vanderlinde}, K. and {Vieira}, J.~D. and {Vikhlinin}, A. and {Williamson}, R. and {Zenteno}, A.},
        title = "{Cluster Cosmology Constraints from the 2500 deg$^{2}$ SPT-SZ Survey: Inclusion of Weak Gravitational Lensing Data from Magellan and the Hubble Space Telescope}",
      journal = {\apj},
     keywords = {cosmological parameters, cosmology: observations, galaxies: clusters: general, large-scale structure of universe, Astrophysics - Cosmology and Nongalactic Astrophysics},
         year = 2019,
        month = jun,
       volume = {878},
       number = {1},
          eid = {55},
        pages = {55},
          doi = {10.3847/1538-4357/ab1f10},
archivePrefix = {arXiv},
       eprint = {1812.01679},
 primaryClass = {astro-ph.CO},
       adsurl = {https://ui.adsabs.harvard.edu/abs/2019ApJ...878...55B},
      adsnote = {Provided by the SAO/NASA Astrophysics Data System}
}


@ARTICLE{2019MNRAS.485...69Stern,
       author = {{Stern}, C. and {Dietrich}, J.~P. and {Bocquet}, S. and {Applegate}, D. and {Mohr}, J.~J. and {Bridle}, S.~L. and {Carrasco Kind}, M. and {Gruen}, D. and {Jarvis}, M. and {Kacprzak}, T. and {Saro}, A. and {Sheldon}, E. and {Troxel}, M.~A. and {Zuntz}, J. and {Benson}, B.~A. and {Capasso}, R. and {Chiu}, I. and {Desai}, S. and {Rapetti}, D. and {Reichardt}, C.~L. and {Saliwanchik}, B. and {Schrabback}, T. and {Gupta}, N. and {Abbott}, T.~M.~C. and {Abdalla}, F.~B. and {Avila}, S. and {Bertin}, E. and {Brooks}, D. and {Burke}, D.~L. and {Carnero Rosell}, A. and {Carretero}, J. and {Castander}, F.~J. and {D'Andrea}, C.~B. and {da Costa}, L.~N. and {Davis}, C. and {De Vicente}, J. and {Diehl}, H.~T. and {Doel}, P. and {Estrada}, J. and {Evrard}, A.~E. and {Flaugher}, B. and {Fosalba}, P. and {Frieman}, J. and {Garc{\'\i}a-Bellido}, J. and {Gaztanaga}, E. and {Gruendl}, R.~A. and {Gschwend}, J. and {Gutierrez}, G. and {Hollowood}, D. and {Jeltema}, T. and {Kirk}, D. and {Kuehn}, K. and {Kuropatkin}, N. and {Lahav}, O. and {Lima}, M. and {Maia}, M.~A.~G. and {March}, M. and {Melchior}, P. and {Menanteau}, F. and {Miquel}, R. and {Plazas}, A.~A. and {Romer}, A.~K. and {Sanchez}, E. and {Schindler}, R. and {Schubnell}, M. and {Sevilla-Noarbe}, I. and {Smith}, M. and {Smith}, R.~C. and {Sobreira}, F. and {Suchyta}, E. and {Swanson}, M.~E.~C. and {Tarle}, G. and {Walker}, A.~R. and {DES Collaboration} and {SPT Collaboration}},
        title = "{Weak-lensing analysis of SPT-selected galaxy clusters using Dark Energy Survey Science Verification data}",
      journal = {\mnras},
     keywords = {gravitational lensing: weak, galaxies: clusters: general, cosmology: observations, Astrophysics - Cosmology and Nongalactic Astrophysics},
         year = 2019,
        month = may,
       volume = {485},
       number = {1},
        pages = {69-87},
          doi = {10.1093/mnras/stz234},
archivePrefix = {arXiv},
       eprint = {1802.04533},
 primaryClass = {astro-ph.CO},
       adsurl = {https://ui.adsabs.harvard.edu/abs/2019MNRAS.485...69S},
      adsnote = {Provided by the SAO/NASA Astrophysics Data System}
}
@ARTICLE{2019ApJ...875...26Fujita,
       author = {{Fujita}, Yutaka and {Aung}, Han},
        title = "{Halo Concentrations and the New Baseline X-Ray Luminosity-Temperature and Mass Relations of Galaxy Clusters}",
      journal = {\apj},
     keywords = {cosmology: observations, galaxies: clusters: general, galaxies: clusters: intracluster medium, X-rays: galaxies: clusters, Astrophysics - Astrophysics of Galaxies, Astrophysics - Cosmology and Nongalactic Astrophysics, Astrophysics - High Energy Astrophysical Phenomena},
         year = 2019,
        month = apr,
       volume = {875},
       number = {1},
          eid = {26},
        pages = {26},
          doi = {10.3847/1538-4357/ab0e02},
archivePrefix = {arXiv},
       eprint = {1901.05439},
 primaryClass = {astro-ph.GA},
       adsurl = {https://ui.adsabs.harvard.edu/abs/2019ApJ...875...26F},
      adsnote = {Provided by the SAO/NASA Astrophysics Data System}
}





@ARTICLE{2019A&A...630A..78Andreon,
       author = {{Andreon}, S. and {Moretti}, A. and {Trinchieri}, G. and {Ishwara-Chandra}, C.~H.},
        title = "{Why are some galaxy clusters underluminous?. The very low concentration of the CL2015 mass profile}",
      journal = {\aap},
     keywords = {galaxies: clusters: general, galaxies: clusters: intracluster medium, dark matter, X-rays: galaxies: clusters, radio continuum: galaxies, galaxies: clusters: individual: CL2015, Astrophysics - Cosmology and Nongalactic Astrophysics, Astrophysics - Astrophysics of Galaxies},
         year = 2019,
        month = oct,
       volume = {630},
          eid = {A78},
        pages = {A78},
          doi = {10.1051/0004-6361/201935702},
archivePrefix = {arXiv},
       eprint = {1909.11491},
 primaryClass = {astro-ph.CO},
       adsurl = {https://ui.adsabs.harvard.edu/abs/2019A&A...630A..78A},
      adsnote = {Provided by the SAO/NASA Astrophysics Data System}
}

@ARTICLE{2020MNRAS.492.4528Sereno,
       author = {{Sereno}, Mauro and {Umetsu}, Keiichi and {Ettori}, Stefano and {Eckert}, Dominique and {Gastaldello}, Fabio and {Giles}, Paul and {Lieu}, Maggie and {Maughan}, Ben and {Okabe}, Nobuhiro and {Birkinshaw}, Mark and {Chiu}, I. -Non and {Fujita}, Yutaka and {Miyazaki}, Satoshi and {Rapetti}, David and {Koulouridis}, Elias and {Pierre}, Marguerite},
        title = "{XXL Survey groups and clusters in the Hyper Suprime-Cam Survey. Scaling relations between X-ray properties and weak lensing mass}",
      journal = {\mnras},
     keywords = {gravitational lensing: weak, galaxies: clusters: general, galaxies: clusters: intracluster medium, Astrophysics - Cosmology and Nongalactic Astrophysics},
         year = 2020,
        month = mar,
       volume = {492},
       number = {3},
        pages = {4528-4545},
          doi = {10.1093/mnras/stz3425},
archivePrefix = {arXiv},
       eprint = {1912.02827},
 primaryClass = {astro-ph.CO},
       adsurl = {https://ui.adsabs.harvard.edu/abs/2020MNRAS.492.4528S},
      adsnote = {Provided by the SAO/NASA Astrophysics Data System}
}



@ARTICLE{2020A&A...638A.141Pires,
       author = {{Pires}, S. and {Vandenbussche}, V. and {Kansal}, V. and {Bender}, R. and {Blot}, L. and {Bonino}, D. and {Boucaud}, A. and {Brinchmann}, J. and {Capobianco}, V. and {Carretero}, J. and {Castellano}, M. and {Cavuoti}, S. and {Cl{\'e}dassou}, R. and {Congedo}, G. and {Conversi}, L. and {Corcione}, L. and {Dubath}, F. and {Fosalba}, P. and {Frailis}, M. and {Franceschi}, E. and {Fumana}, M. and {Grupp}, F. and {Hormuth}, F. and {Kermiche}, S. and {Knabenhans}, M. and {Kohley}, R. and {Kubik}, B. and {Kunz}, M. and {Ligori}, S. and {Lilje}, P.~B. and {Lloro}, I. and {Maiorano}, E. and {Marggraf}, O. and {Massey}, R. and {Meylan}, G. and {Padilla}, C. and {Paltani}, S. and {Pasian}, F. and {Poncet}, M. and {Potter}, D. and {Raison}, F. and {Rhodes}, J. and {Roncarelli}, M. and {Saglia}, R. and {Schneider}, P. and {Secroun}, A. and {Serrano}, S. and {Stadel}, J. and {Tallada Cresp{\'\i}}, P. and {Tereno}, I. and {Toledo-Moreo}, R. and {Wang}, Y.},
        title = "{Euclid: Reconstruction of weak-lensing mass maps for non-Gaussianity studies}",
      journal = {\aap},
     keywords = {gravitational lensing: weak, methods: data analysis, dark matter, Astrophysics - Cosmology and Nongalactic Astrophysics},
         year = 2020,
        month = jun,
       volume = {638},
          eid = {A141},
        pages = {A141},
          doi = {10.1051/0004-6361/201936865},
archivePrefix = {arXiv},
       eprint = {1910.03106},
 primaryClass = {astro-ph.CO},
       adsurl = {https://ui.adsabs.harvard.edu/abs/2020A&A...638A.141P},
      adsnote = {Provided by the SAO/NASA Astrophysics Data System}
}


@INPROCEEDINGS{2020ASPC..527..303Bertocco,
       author = {{Bertocco}, S. and {Goz}, D. and {Tornatore}, L. and {Ragagnin}, A. and {Maggio}, G. and {Gasparo}, F. and {Vuerli}, C. and {Taffoni}, G. and {Molinaro}, M.},
        title = "{INAF Trieste Astronomical Observatory Information Technology Framework}",
     keywords = {Astrophysics - Instrumentation and Methods for Astrophysics},
    booktitle = {Astronomical Society of the Pacific Conference Series},
         year = 2020,
       editor = {{Pizzo}, R. and {Deul}, E.~R. and {Mol}, J.~D. and {de Plaa}, J. and {Verkouter}, H.},
       series = {Astronomical Society of the Pacific Conference Series},
       volume = {527},
        month = jan,
        pages = {303},
archivePrefix = {arXiv},
       eprint = {1912.05340},
 primaryClass = {astro-ph.IM},
       adsurl = {https://ui.adsabs.harvard.edu/abs/2020ASPC..527..303B},
      adsnote = {Provided by the SAO/NASA Astrophysics Data System}
}


@INPROCEEDINGS{2020ASPC..527..307Taffoni,
       author = {{Taffoni}, G. and {Becciani}, U. and {Garilli}, B. and {Maggio}, G. and {Pasian}, F. and {Umana}, G. and {Smareglia}, R. and {Vitello}, F.},
        title = "{CHIPP: INAF Pilot Project for HTC, HPC and HPDA}",
     keywords = {Astrophysics - Instrumentation and Methods for Astrophysics, Computer Science - Distributed, Parallel, and Cluster Computing},
    booktitle = {Astronomical Society of the Pacific Conference Series},
         year = 2020,
       editor = {{Pizzo}, R. and {Deul}, E.~R. and {Mol}, J.~D. and {de Plaa}, J. and {Verkouter}, H.},
       series = {Astronomical Society of the Pacific Conference Series},
       volume = {527},
        month = jan,
        pages = {307},
archivePrefix = {arXiv},
       eprint = {2002.01283},
 primaryClass = {astro-ph.IM},
       adsurl = {https://ui.adsabs.harvard.edu/abs/2020ASPC..527..307T},
      adsnote = {Provided by the SAO/NASA Astrophysics Data System}
}


@ARTICLE{2020MNRAS.495..686Anbajagane,
       author = {{Anbajagane}, Dhayaa and {Evrard}, August E. and {Farahi}, Arya and {Barnes}, David J. and {Dolag}, Klaus and {McCarthy}, Ian G. and {Nelson}, Dylan and {Pillepich}, Annalisa},
        title = "{Stellar property statistics of massive haloes from cosmological hydrodynamics simulations: common kernel shapes}",
      journal = {\mnras},
     keywords = {methods: statistical, galaxies: clusters: general, galaxies: evolution, galaxies: haloes, Astrophysics - Astrophysics of Galaxies, Astrophysics - Cosmology and Nongalactic Astrophysics},
         year = 2020,
        month = jun,
       volume = {495},
       number = {1},
        pages = {686-704},
          doi = {10.1093/mnras/staa1147},
archivePrefix = {arXiv},
       eprint = {2001.02283},
 primaryClass = {astro-ph.GA},
       adsurl = {https://ui.adsabs.harvard.edu/abs/2020MNRAS.495..686A},
      adsnote = {Provided by the SAO/NASA Astrophysics Data System}
}


@ARTICLE{2020MNRAS.498.4450Wang,
       author = {{Wang}, Kuan and {Mao}, Yao-Yuan and {Zentner}, Andrew R. and {Lange}, Johannes U. and {van den Bosch}, Frank C. and {Wechsler}, Risa H.},
        title = "{Concentrations of dark haloes emerge from their merger histories}",
      journal = {\mnras},
     keywords = {methods: numerical, galaxies: evolution, galaxies: haloes, dark matter, Astrophysics - Astrophysics of Galaxies, Astrophysics - Cosmology and Nongalactic Astrophysics},
         year = 2020,
        month = nov,
       volume = {498},
       number = {3},
        pages = {4450-4464},
          doi = {10.1093/mnras/staa2733},
archivePrefix = {arXiv},
       eprint = {2004.13732},
 primaryClass = {astro-ph.GA},
       adsurl = {https://ui.adsabs.harvard.edu/abs/2020MNRAS.498.4450W},
      adsnote = {Provided by the SAO/NASA Astrophysics Data System}
}


@ARTICLE{2020NatAs...4...10Gaspari,
       author = {{Gaspari}, Massimo and {Tombesi}, Francesco and {Cappi}, Massimo},
        title = "{Linking macro-, meso- and microscales in multiphase AGN feeding and feedback}",
      journal = {Nature Astronomy},
     keywords = {Astrophysics - Astrophysics of Galaxies, Astrophysics - Cosmology and Nongalactic Astrophysics, Astrophysics - High Energy Astrophysical Phenomena, Physics - Plasma Physics},
         year = 2020,
        month = jan,
       volume = {4},
        pages = {10-13},
          doi = {10.1038/s41550-019-0970-1},
archivePrefix = {arXiv},
       eprint = {2001.04985},
 primaryClass = {astro-ph.GA},
       adsurl = {https://ui.adsabs.harvard.edu/abs/2020NatAs...4...10G},
      adsnote = {Provided by the SAO/NASA Astrophysics Data System}
}


@ARTICLE{2020MNRAS.496.2743Green,
       author = {{Green}, Sheridan B. and {Aung}, Han and {Nagai}, Daisuke and {van den Bosch}, Frank C.},
        title = "{Scatter in Sunyaev-Zel'dovich effect scaling relations explained by inter-cluster variance in mass accretion histories}",
      journal = {\mnras},
     keywords = {galaxies: clusters: general, galaxies: clusters: intracluster medium, methods: analytical, cosmology: observations, Astrophysics - Cosmology and Nongalactic Astrophysics, Astrophysics - Astrophysics of Galaxies},
         year = 2020,
        month = aug,
       volume = {496},
       number = {3},
        pages = {2743-2761},
          doi = {10.1093/mnras/staa1712},
archivePrefix = {arXiv},
       eprint = {2002.01934},
 primaryClass = {astro-ph.CO},
       adsurl = {https://ui.adsabs.harvard.edu/abs/2020MNRAS.496.2743G},
      adsnote = {Provided by the SAO/NASA Astrophysics Data System}
}

@ARTICLE{2020MNRAS.491.4462Davies,
       author = {{Davies}, Jonathan J. and {Crain}, Robert A. and {Oppenheimer}, Benjamin D. and {Schaye}, Joop},
        title = "{The quenching and morphological evolution of central galaxies is facilitated by the feedback-driven expulsion of circumgalactic gas}",
      journal = {\mnras},
     keywords = {methods: numerical, galaxies: evolution, galaxies: formation, galaxies: haloes, quasars: supermassive black holes, Astrophysics - Astrophysics of Galaxies},
         year = 2020,
        month = jan,
       volume = {491},
       number = {3},
        pages = {4462-4480},
          doi = {10.1093/mnras/stz3201},
archivePrefix = {arXiv},
       eprint = {1908.11380},
 primaryClass = {astro-ph.GA},
       adsurl = {https://ui.adsabs.harvard.edu/abs/2020MNRAS.491.4462D},
      adsnote = {Provided by the SAO/NASA Astrophysics Data System}
}



@ARTICLE{2020MNRAS.494.3728Singh,
       author = {{Singh}, Priyanka and {Saro}, Alex and {Costanzi}, Matteo and {Dolag}, Klaus},
        title = "{Cosmology dependence of galaxy cluster scaling relations}",
      journal = {\mnras},
     keywords = {large-scale structure of Universe, Astrophysics - Cosmology and Nongalactic Astrophysics},
         year = 2020,
        month = may,
       volume = {494},
       number = {3},
        pages = {3728-3740},
          doi = {10.1093/mnras/staa1004},
archivePrefix = {arXiv},
       eprint = {1911.05751},
 primaryClass = {astro-ph.CO},
       adsurl = {https://ui.adsabs.harvard.edu/abs/2020MNRAS.494.3728S},
      adsnote = {Provided by the SAO/NASA Astrophysics Data System}
}

@ARTICLE{2022MNRAS.509.1127Sommer,
       author = {{Sommer}, Martin W. and {Schrabback}, Tim and {Applegate}, Douglas E. and {Hilbert}, Stefan and {Ansarinejad}, Behzad and {Floyd}, Benjamin and {Grandis}, Sebastian},
        title = "{Weak lensing mass modeling bias and the impact of miscentring}",
      journal = {\mnras},
     keywords = {gravitational lensing: weak, galaxies: clusters: general, Astrophysics - Cosmology and Nongalactic Astrophysics},
         year = 2022,
        month = jan,
       volume = {509},
       number = {1},
        pages = {1127-1146},
          doi = {10.1093/mnras/stab3052},
archivePrefix = {arXiv},
       eprint = {2105.08027},
 primaryClass = {astro-ph.CO},
       adsurl = {https://ui.adsabs.harvard.edu/abs/2022MNRAS.509.1127S},
      adsnote = {Provided by the SAO/NASA Astrophysics Data System}
}


@ARTICLE{2021MNRAS.500.2316Castro,
       author = {{Castro}, Tiago and {Borgani}, Stefano and {Dolag}, Klaus and {Marra}, Valerio and {Quartin}, Miguel and {Saro}, Alexandro and {Sefusatti}, Emiliano},
        title = "{On the impact of baryons on the halo mass function, bias, and cluster cosmology}",
      journal = {\mnras},
     keywords = {large-scale structure of Universe, galaxies:haloes, galaxies:clusters:general, Astrophysics - Cosmology and Nongalactic Astrophysics, Astrophysics - Astrophysics of Galaxies},
         year = 2021,
        month = jan,
       volume = {500},
       number = {2},
        pages = {2316-2335},
          doi = {10.1093/mnras/staa3473},
archivePrefix = {arXiv},
       eprint = {2009.01775},
 primaryClass = {astro-ph.CO},
       adsurl = {https://ui.adsabs.harvard.edu/abs/2021MNRAS.500.2316C},
      adsnote = {Provided by the SAO/NASA Astrophysics Data System}
}


@ARTICLE{2021JCAP...03..023Khoraminezhad,
       author = {{Khoraminezhad}, Hasti and {Lazeyras}, Titouan and {Angulo}, Raul E. and {Hahn}, Oliver and {Viel}, Matteo},
        title = "{Quantifying the impact of baryon-CDM perturbations on halo clustering and baryon fraction}",
      journal = {\jcap},
     keywords = {cosmological simulations, dark matter simulations, galaxy clustering, Astrophysics - Cosmology and Nongalactic Astrophysics},
         year = 2021,
        month = mar,
       volume = {2021},
       number = {3},
          eid = {023},
        pages = {023},
          doi = {10.1088/1475-7516/2021/03/023},
archivePrefix = {arXiv},
       eprint = {2011.01037},
 primaryClass = {astro-ph.CO},
       adsurl = {https://ui.adsabs.harvard.edu/abs/2021JCAP...03..023K},
      adsnote = {Provided by the SAO/NASA Astrophysics Data System}
}



@ARTICLE{2021ApJ...921..112BeltzMohrmann,
       author = {{Beltz-Mohrmann}, Gillian D. and {Berlind}, Andreas A.},
        title = "{The Impact of Baryonic Physics on the Abundance, Clustering, and Concentration of Halos}",
      journal = {\apj},
     keywords = {Galaxy dark matter halos, Hydrodynamical simulations, N-body simulations, 1880, 767, 1083, Astrophysics - Cosmology and Nongalactic Astrophysics},
         year = 2021,
        month = nov,
       volume = {921},
       number = {2},
          eid = {112},
        pages = {112},
          doi = {10.3847/1538-4357/ac1e27},
archivePrefix = {arXiv},
       eprint = {2103.05076},
 primaryClass = {astro-ph.CO},
       adsurl = {https://ui.adsabs.harvard.edu/abs/2021ApJ...921..112B},
      adsnote = {Provided by the SAO/NASA Astrophysics Data System}
}


@ARTICLE{2021arXiv211005498Ragagnin,
       author = {{Ragagnin}, Antonio and {Fumagalli}, Alessandra and {Castro}, Tiago and {Dolag}, Klaus and {Saro}, Alexandro and {Costanzi}, Matteo and {Bocquet}, Sebastian},
        title = "{Satellite galaxy abundance dependency on cosmology in Magneticum simulations}",
      journal = {arXiv},
     keywords = {Astrophysics - Cosmology and Nongalactic Astrophysics, Astrophysics - Astrophysics of Galaxies, Computer Science - Machine Learning},
         year = 2021,
        month = oct,
          eid = {arXiv:2110.05498},
        pages = {arXiv:2110.05498},
archivePrefix = {arXiv},
       eprint = {2110.05498},
 primaryClass = {astro-ph.CO},
       adsurl = {https://ui.adsabs.harvard.edu/abs/2021arXiv211005498R},
      adsnote = {Provided by the SAO/NASA Astrophysics Data System}
}




@ARTICLE{2021MNRAS.505.5117Zu,
       author = {{Zu}, Ying and {Shan}, Huanyuan and {Zhang}, Jun and {Singh}, Sukhdeep and {Shao}, Zhiwei and {Chen}, Xiaokai and {Yao}, Ji and {Golden-Marx}, Jesse B. and {Cui}, Weiguang and {Jullo}, Eric and {Kneib}, Jean-Paul and {Zhang}, Pengjie and {Yang}, Xiaohu},
        title = "{Does concentration drive the scatter in the stellar-to-halo mass relation of galaxy clusters?}",
      journal = {\mnras},
     keywords = {gravitational lensing: weak, galaxies: formation, large-scale structure of Universe, Astrophysics - Cosmology and Nongalactic Astrophysics, Astrophysics - Astrophysics of Galaxies},
         year = 2021,
        month = aug,
       volume = {505},
       number = {4},
        pages = {5117-5128},
          doi = {10.1093/mnras/stab1712},
archivePrefix = {arXiv},
       eprint = {2012.08629},
 primaryClass = {astro-ph.CO},
       adsurl = {https://ui.adsabs.harvard.edu/abs/2021MNRAS.505.5117Z},
      adsnote = {Provided by the SAO/NASA Astrophysics Data System}
}
@ARTICLE{2021MNRAS.500.2316Castro,
       author = {{Castro}, Tiago and {Borgani}, Stefano and {Dolag}, Klaus and {Marra}, Valerio and {Quartin}, Miguel and {Saro}, Alexandro and {Sefusatti}, Emiliano},
        title = "{On the impact of baryons on the halo mass function, bias, and cluster cosmology}",
      journal = {\mnras},
     keywords = {large-scale structure of Universe, galaxies:haloes, galaxies:clusters:general, Astrophysics - Cosmology and Nongalactic Astrophysics, Astrophysics - Astrophysics of Galaxies},
         year = 2021,
        month = jan,
       volume = {500},
       number = {2},
        pages = {2316-2335},
          doi = {10.1093/mnras/staa3473},
archivePrefix = {arXiv},
       eprint = {2009.01775},
 primaryClass = {astro-ph.CO},
       adsurl = {https://ui.adsabs.harvard.edu/abs/2021MNRAS.500.2316C},
      adsnote = {Provided by the SAO/NASA Astrophysics Data System}
}


@ARTICLE{2021MNRAS.500.5056Ragagnin,
       author = {{Ragagnin}, Antonio and {Saro}, Alexandro and {Singh}, Priyanka and {Dolag}, Klaus},
        title = "{Cosmology dependence of halo masses and concentrations in hydrodynamic simulations}",
      journal = {\mnras},
     keywords = {Galaxy: halo, cosmological parameters, large-scale structure of Universe, Astrophysics - Cosmology and Nongalactic Astrophysics, Astrophysics - Astrophysics of Galaxies},
         year = 2021,
        month = jan,
       volume = {500},
       number = {4},
        pages = {5056-5071},
          doi = {10.1093/mnras/staa3523},
archivePrefix = {arXiv},
       eprint = {2011.05345},
 primaryClass = {astro-ph.CO},
       adsurl = {https://ui.adsabs.harvard.edu/abs/2021MNRAS.500.5056R},
      adsnote = {Provided by the SAO/NASA Astrophysics Data System}
}

@ARTICLE{2021MNRAS.505.3923Schrabback,
       author = {{Schrabback}, T. and {Bocquet}, S. and {Sommer}, M. and {Zohren}, H. and {van den Busch}, J.~L. and {Hern{\'a}ndez-Mart{\'\i}n}, B. and {Hoekstra}, H. and {Raihan}, S.~F. and {Schirmer}, M. and {Applegate}, D. and {Bayliss}, M. and {Benson}, B.~A. and {Bleem}, L.~E. and {Dietrich}, J.~P. and {Floyd}, B. and {Hilbert}, S. and {Hlavacek-Larrondo}, J. and {McDonald}, M. and {Saro}, A. and {Stark}, A.~A. and {Weissgerber}, N.},
        title = "{Mass calibration of distant SPT galaxy clusters through expanded weak-lensing follow-up observations with HST, VLT, \& Gemini-South}",
      journal = {\mnras},
     keywords = {gravitational lensing: weak, galaxies: clusters: general, cosmology: observations, Astrophysics - Cosmology and Nongalactic Astrophysics, Astrophysics - Astrophysics of Galaxies, General Relativity and Quantum Cosmology},
         year = 2021,
        month = aug,
       volume = {505},
       number = {3},
        pages = {3923-3943},
          doi = {10.1093/mnras/stab1386},
archivePrefix = {arXiv},
       eprint = {2009.07591},
 primaryClass = {astro-ph.CO},
       adsurl = {https://ui.adsabs.harvard.edu/abs/2021MNRAS.505.3923S},
      adsnote = {Provided by the SAO/NASA Astrophysics Data System}
}

@ARTICLE{2022A&A...665A..16Ragagnin,
       author = {{Ragagnin}, Antonio and {Meneghetti}, Massimo and {Bassini}, Luigi and {Ragone-Figueroa}, Cinthia and {Granato}, Gian Luigi and {Despali}, Giulia and {Giocoli}, Carlo and {Granata}, Giovanni and {Moscardini}, Lauro and {Bergamini}, Pietro and {Rasia}, Elena and {Valentini}, Milena and {Borgani}, Stefano and {Calura}, Francesco and {Dolag}, Klaus and {Grillo}, Claudio and {Mercurio}, Amata and {Murante}, Giuseppe and {Natarajan}, Priyamvada and {Rosati}, Piero and {Taffoni}, Giuliano and {Tornatore}, Luca and {Tortorelli}, Luca},
        title = "{Galaxies in the central regions of simulated galaxy clusters}",
      journal = {\aap},
     keywords = {methods: numerical, galaxies: abundances, galaxies: clusters: general, galaxies: formation, Galaxy: evolution, galaxies: structure, Astrophysics - Cosmology and Nongalactic Astrophysics, Astrophysics - Astrophysics of Galaxies},
         year = 2022,
        month = sep,
       volume = {665},
          eid = {A16},
        pages = {A16},
          doi = {10.1051/0004-6361/202243651},
archivePrefix = {arXiv},
       eprint = {2204.09067},
 primaryClass = {astro-ph.CO},
       adsurl = {https://ui.adsabs.harvard.edu/abs/2022A&A...665A..16R},
      adsnote = {Provided by the SAO/NASA Astrophysics Data System}
}



@ARTICLE{2022MNRAS.511.2968Puddu,
       author = {{Puddu}, Emanuella and {Andreon}, Stefano},
        title = "{Do gas-poor galaxy clusters have different galaxy populations? The positive covariance of hot and cold baryons}",
      journal = {\mnras},
     keywords = {binaries: close, supernovae: general, transients: supernovae, Astrophysics - Cosmology and Nongalactic Astrophysics, Astrophysics - Astrophysics of Galaxies},
         year = 2022,
        month = apr,
       volume = {511},
       number = {2},
        pages = {2968-2976},
          doi = {10.1093/mnras/stab3632},
archivePrefix = {arXiv},
       eprint = {2112.05185},
 primaryClass = {astro-ph.CO},
       adsurl = {https://ui.adsabs.harvard.edu/abs/2022MNRAS.511.2968P},
      adsnote = {Provided by the SAO/NASA Astrophysics Data System}
}

@ARTICLE{2022arXiv221107659Ayromlou,
       author = {{Ayromlou}, Mohammadreza and {Nelson}, Dylan and {Pillepich}, Annalisa},
        title = "{Feedback reshapes the baryon distribution within haloes, in halo outskirts, and beyond: the closure radius from dwarfs to massive clusters}",
      journal = {arXiv},
     keywords = {Astrophysics - Astrophysics of Galaxies, Astrophysics - Cosmology and Nongalactic Astrophysics},
         year = 2022,
        month = nov,
          eid = {arXiv:2211.07659},
        pages = {arXiv:2211.07659},
          doi = {10.48550/arXiv.2211.07659},
archivePrefix = {arXiv},
       eprint = {2211.07659},
 primaryClass = {astro-ph.GA},
       adsurl = {https://ui.adsabs.harvard.edu/abs/2022arXiv221107659A},
      adsnote = {Provided by the SAO/NASA Astrophysics Data System}
}

@ARTICLE{2022A&A...666A..22Ragagnin,
       author = {{Ragagnin}, A. and {Andreon}, S. and {Puddu}, E.},
        title = "{Simulation view of galaxy clusters with low X-ray surface brightness}",
      journal = {\aap},
     keywords = {galaxies: clusters: general, galaxies: clusters: intracluster medium, X-rays: galaxies: clusters, methods: numerical, Astrophysics - Cosmology and Nongalactic Astrophysics, Astrophysics - Astrophysics of Galaxies},
         year = 2022,
        month = oct,
       volume = {666},
          eid = {A22},
        pages = {A22},
          doi = {10.1051/0004-6361/202244397},
archivePrefix = {arXiv},
       eprint = {2208.02827},
 primaryClass = {astro-ph.CO},
       adsurl = {https://ui.adsabs.harvard.edu/abs/2022A&A...666A..22R},
      adsnote = {Provided by the SAO/NASA Astrophysics Data System}
}


@ARTICLE{2020MNRAS.499.2303VallesPerez,
       author = {{Vall{\'e}s-P{\'e}rez}, David and {Planelles}, Susana and {Quilis}, Vicent},
        title = "{On the accretion history of galaxy clusters: temporal and spatial distribution}",
      journal = {\mnras},
     keywords = {hydrodynamics, methods: numerical, galaxies: clusters: general, large-scale structure of Universe, Astrophysics - Astrophysics of Galaxies},
         year = 2020,
        month = dec,
       volume = {499},
       number = {2},
        pages = {2303-2318},
          doi = {10.1093/mnras/staa3035},
archivePrefix = {arXiv},
       eprint = {2009.13882},
 primaryClass = {astro-ph.GA},
       adsurl = {https://ui.adsabs.harvard.edu/abs/2020MNRAS.499.2303V},
      adsnote = {Provided by the SAO/NASA Astrophysics Data System}
}


@ARTICLE{2021ApJ...911...82Corasaniti,
       author = {{Corasaniti}, Pier-Stefano and {Sereno}, Mauro and {Ettori}, Stefano},
        title = "{Cosmological Constraints from Galaxy Cluster Sparsity, Cluster Gas Mass Fraction, and Baryon Acoustic Oscillation Data}",
      journal = {\apj},
     keywords = {Cosmological parameters from large-scale structure, Cosmology, Galaxy clusters, 340, 343, 584, Astrophysics - Cosmology and Nongalactic Astrophysics},
         year = 2021,
        month = apr,
       volume = {911},
       number = {2},
          eid = {82},
        pages = {82},
          doi = {10.3847/1538-4357/abe9a4},
archivePrefix = {arXiv},
       eprint = {2103.03283},
 primaryClass = {astro-ph.CO},
       adsurl = {https://ui.adsabs.harvard.edu/abs/2021ApJ...911...82C},
      adsnote = {Provided by the SAO/NASA Astrophysics Data System}
}


@ARTICLE{2021arXiv211204926Richardson,
       author = {{Richardson}, T.~R.~G. and {Corasaniti}, P. -S.},
        title = "{Timing the last major merger of galaxy clusters with large halo sparsity}",
      journal = {arXiv},
     keywords = {Astrophysics - Cosmology and Nongalactic Astrophysics, Astrophysics - Astrophysics of Galaxies},
         year = 2021,
        month = dec,
          eid = {arXiv:2112.04926},
        pages = {arXiv:2112.04926},
archivePrefix = {arXiv},
       eprint = {2112.04926},
 primaryClass = {astro-ph.CO},
       adsurl = {https://ui.adsabs.harvard.edu/abs/2021arXiv211204926R},
      adsnote = {Provided by the SAO/NASA Astrophysics Data System}
}



@ARTICLE{2022MNRAS.511.4991Andreon,
       author = {{Andreon}, S. and {Trinchieri}, G. and {Moretti}, A.},
        title = "{Low X-ray surface brightness clusters: implications on the scatter of the M-T and L-T relations}",
      journal = {\mnras},
     keywords = {galaxies: clusters: general, galaxies: clusters: intracluster medium, X-rays: galaxies: clusters},
         year = 2022,
        month = apr,
       volume = {511},
       number = {4},
        pages = {4991-4998},
          doi = {10.1093/mnras/stac307},
       adsurl = {https://ui.adsabs.harvard.edu/abs/2022MNRAS.511.4991A},
      adsnote = {Provided by the SAO/NASA Astrophysics Data System}
}



@ARTICLE{2022arXiv220501710Lee,
       author = {{Lee}, Billy K.~K. and {Coulton}, William R. and {Thiele}, Leander and {Ho}, Shirley},
        title = "{An exploration of the properties of cluster profiles for the thermal and kinetic Sunyaev-Zel'dovich effects}",
      journal = {arXiv},
     keywords = {Astrophysics - Cosmology and Nongalactic Astrophysics},
         year = 2022,
        month = may,
          eid = {arXiv:2205.01710},
        pages = {arXiv:2205.01710},
archivePrefix = {arXiv},
       eprint = {2205.01710},
 primaryClass = {astro-ph.CO},
       adsurl = {https://ui.adsabs.harvard.edu/abs/2022arXiv220501710L},
      adsnote = {Provided by the SAO/NASA Astrophysics Data System}
}

@ARTICLE{2022arXiv220307398Lesci,
       author = {{Lesci}, G.~F. and {Nanni}, L. and {Marulli}, F. and {Moscardini}, L. and {Veropalumbo}, A. and {Maturi}, M. and {Sereno}, M. and {Radovich}, M. and {Bellagamba}, F. and {Roncarelli}, M. and {Bardelli}, S. and {Castignani}, G. and {Covone}, G. and {Giocoli}, C. and {Ingoglia}, L. and {Puddu}, E.},
        title = "{AMICO galaxy clusters in KiDS-DR3: Constraints on cosmological parameters and on the normalisation of the mass-richness relation from clustering}",
      journal = {arXiv},
     keywords = {Astrophysics - Cosmology and Nongalactic Astrophysics},
         year = 2022,
        month = mar,
          eid = {arXiv:2203.07398},
        pages = {arXiv:2203.07398},
archivePrefix = {arXiv},
       eprint = {2203.07398},
 primaryClass = {astro-ph.CO},
       adsurl = {https://ui.adsabs.harvard.edu/abs/2022arXiv220307398L},
      adsnote = {Provided by the SAO/NASA Astrophysics Data System}
}



@ARTICLE{2023arXiv230112890EuclidCollaboration,
       author = {{Euclid Collaboration} and {Ajani}, V. and {Baldi}, M. and {Barthelemy}, A. and {Boyle}, A. and {Burger}, P. and {Cardone}, V.~F. and {Cheng}, S. and {Codis}, S. and {Giocoli}, C. and {Harnois-D{\'e}raps}, J. and {Heydenreich}, S. and {Kansal}, V. and {Kilbinger}, M. and {Linke}, L. and {Llinares}, C. and {Martinet}, N. and {Parroni}, C. and {Peel}, A. and {Pires}, S. and {Porth}, L. and {Tereno}, I. and {Uhlemann}, C. and {Vicinanza}, M. and {Vinciguerra}, S. and {Aghanim}, N. and {Auricchio}, N. and {Bonino}, D. and {Branchini}, E. and {Brescia}, M. and {Brinchmann}, J. and {Camera}, S. and {Capobianco}, V. and {Carbone}, C. and {Carretero}, J. and {Castander}, F.~J. and {Castellano}, M. and {Cavuoti}, S. and {Cimatti}, A. and {Cledassou}, R. and {Congedo}, G. and {Conselice}, C.~J. and {Conversi}, L. and {Corcione}, L. and {Courbin}, F. and {Cropper}, M. and {Da Silva}, A. and {Degaudenzi}, H. and {Di Giorgio}, A.~M. and {Dinis}, J. and {Douspis}, M. and {Dubath}, F. and {Dupac}, X. and {Farrens}, S. and {Ferriol}, S. and {Fosalba}, P. and {Frailis}, M. and {Franceschi}, E. and {Galeotta}, S. and {Garilli}, B. and {Gillis}, B. and {Grazian}, A. and {Grupp}, F. and {Hoekstra}, H. and {Holmes}, W. and {Hornstrup}, A. and {Hudelot}, P. and {Jahnke}, K. and {Jhabvala}, M. and {K{\"u}mmel}, M. and {Kitching}, T. and {Kunz}, M. and {Kurki-Suonio}, H. and {Lilje}, P.~B. and {Lloro}, I. and {Maiorano}, E. and {Mansutti}, O. and {Marggraf}, O. and {Markovic}, K. and {Marulli}, F. and {Massey}, R. and {Mei}, S. and {Mellier}, Y. and {Meneghetti}, M. and {Moresco}, M. and {Moscardini}, L. and {Niemi}, S. -M. and {Nightingale}, J. and {Nutma}, T. and {Padilla}, C. and {Paltani}, S. and {Pedersen}, K. and {Pettorino}, V. and {Polenta}, G. and {Poncet}, M. and {Popa}, L.~A. and {Raison}, F. and {Renzi}, A. and {Rhodes}, J. and {Riccio}, G. and {Romelli}, E. and {Roncarelli}, M. and {Rossetti}, E. and {Saglia}, R. and {Sapone}, D. and {Sartoris}, B. and {Schneider}, P. and {Schrabback}, T. and {Secroun}, A. and {Seidel}, G. and {Serrano}, S. and {Sirignano}, C. and {Stanco}, L. and {Starck}, J. -L. and {Tallada-Cresp{\'\i}}, P. and {Taylor}, A.~N. and {Toledo-Moreo}, R. and {Torradeflot}, F. and {Tutusaus}, I. and {Valentijn}, E.~A. and {Valenziano}, L. and {Vassallo}, T. and {Wang}, Y. and {Weller}, J. and {Zamorani}, G. and {Zoubian}, J. and {Andreon}, S. and {Bardelli}, S. and {Boucaud}, A. and {Bozzo}, E. and {Colodro-Conde}, C. and {Di Ferdinando}, D. and {Fabbian}, G. and {Farina}, M. and {Graci{\'a}-Carpio}, J. and {Keih{\"a}nen}, E. and {Lindholm}, V. and {Maino}, D. and {Mauri}, N. and {Neissner}, C. and {Schirmer}, M. and {Scottez}, V. and {Zucca}, E. and {Akrami}, Y. and {Baccigalupi}, C. and {Balaguera-Antol{\'\i}nez}, A. and {Ballardini}, M. and {Bernardeau}, F. and {Biviano}, A. and {Blanchard}, A. and {Borgani}, S. and {Borlaff}, A.~S. and {Burigana}, C. and {Cabanac}, R. and {Cappi}, A. and {Carvalho}, C.~S. and {Casas}, S. and {Castignani}, G. and {Castro}, T. and {Chambers}, K.~C. and {Cooray}, A.~R. and {Coupon}, J. and {Courtois}, H.~M. and {Davini}, S. and {de la Torre}, S. and {De Lucia}, G. and {Desprez}, G. and {Dole}, H. and {Escartin}, J.~A. and {Escoffier}, S. and {Ferrero}, I. and {Finelli}, F. and {Ganga}, K. and {Garcia-Bellido}, J. and {George}, K. and {Giacomini}, F. and {Gozaliasl}, G. and {Hildebrandt}, H. and {JIMENEZ MU\textbackslash\{N\}OZ}, A. and {Joachimi}, B. and {Kajava}, J.~J.~E. and {Kirkpatrick}, C.~C. and {Legrand}, L. and {Loureiro}, A. and {Magliocchetti}, M. and {Maoli}, R. and {Marcin}, S. and {Martinelli}, M. and {Martins}, C.~J.~A.~P. and {Matthew}, S. and {Maurin}, L. and {Metcalf}, R.~B. and {Monaco}, P. and {Morgante}, G. and {Nadathur}, S. and {Nucita}, A.~A. and {Popa}, V. and {Potter}, D. and {Pourtsidou}, A. and {P{\"o}ntinen}, M. and {Reimberg}, P. and {S{\'a}nchez}, A.~G. and {Sakr}, Z. and {Schneider}, A. and {Sefusatti}, E. and {Sereno}, M. and {Shulevski}, A. and {Spurio Mancini}, A. and {Steinwagner}, J. and {Teyssier}, R. and {Valiviita}, J. and {Veropalumbo}, A. and {Viel}, M. and {Zinchenko}, I.~A.},
        title = "{Euclid Preparation XXIX: Forecasts for 10 different higher-order weak lensing statistics}",
      journal = {arXiv},
     keywords = {Astrophysics - Cosmology and Nongalactic Astrophysics},
         year = 2023,
        month = jan,
          eid = {arXiv:2301.12890},
        pages = {arXiv:2301.12890},
          doi = {10.48550/arXiv.2301.12890},
archivePrefix = {arXiv},
       eprint = {2301.12890},
 primaryClass = {astro-ph.CO},
       adsurl = {https://ui.adsabs.harvard.edu/abs/2023arXiv230112890E},
      adsnote = {Provided by the SAO/NASA Astrophysics Data System}
}

@ARTICLE{2009A&A...498..361P,
       author = {{Pratt}, G.~W. and {Croston}, J.~H. and {Arnaud}, M. and {B{\"o}hringer}, H.},
        title = "{Galaxy cluster X-ray luminosity scaling relations from a representative local sample (REXCESS)}",
      journal = {\aap},
     keywords = {X-rays: galaxies: clusters, galaxies: clusters: general, intergalactic medium, cosmology: observations, dark matter, Astrophysics},
         year = 2009,
        month = may,
       volume = {498},
       number = {2},
        pages = {361-378},
          doi = {10.1051/0004-6361/200810994},
archivePrefix = {arXiv},
       eprint = {0809.3784},
 primaryClass = {astro-ph},
       adsurl = {https://ui.adsabs.harvard.edu/abs/2009A&A...498..361P},
      adsnote = {Provided by the SAO/NASA Astrophysics Data System}
}

@ARTICLE{Sommer+23subm,
       author = {{Sommer}, Martin W. and {Schrabback}, Tim and {Ragagnin}, Antonio and {Rockenfeller}, Robert},
        title = "{Weak lensing mass bias and the alignment of center proxies}",
      journal = {arXiv},
     keywords = {Astrophysics - Cosmology and Nongalactic Astrophysics},
         year = 2023,
        month = jun,
          eid = {arXiv:2306.13187},
        pages = {arXiv:2306.13187},
          doi = {10.48550/arXiv.2306.13187},
archivePrefix = {arXiv},
       eprint = {2306.13187},
 primaryClass = {astro-ph.CO},
       adsurl = {https://ui.adsabs.harvard.edu/abs/2023arXiv230613187S},
      adsnote = {Provided by the SAO/NASA Astrophysics Data System}
}

